2172 3862
160 341 223 416 424
429 349 755 430 nucleorum
937 339 1041 414 ersa

162 445 362 529 Simplicitate
373 448 487 524 bonus,
500 458 528 507 et
541 444 673 507 eulmine
684 444 793 506 celsior
804 445 904 505 omni.

161 538 249 600 Ibant
260 540 435 621 perdures,
450 553 479 599 et
488 551 550 600 tota
563 538 676 598 rosaria
687 538 752 597 bini

160 632 244 694 lnter
255 634 393 694 odoratas
406 653 533 708 messes,
547 622 688 710 lucosque
697 631 829 692 virentes

161 724 350 808 Simpliciter
360 729 508 807 pecudum
523 726 582 785 ritu
593 769 602 801 ‚
614 725 661 786 vel
675 743 760 785 more
774 725 931 801 serarum,

162 817 352 900 Corporibus
363 821 469 894 nudis,
484 820 534 880 sed
548 819 648 880 nescia
661 819 752 880 corda
762 817 909 895 ruboris,

161 910 239 989 Quae
251 931 320 991 pars
334 911 545 972 membrorum
558 911 701 972 secretior
714 923 789 970 esset
801 910 954 973 habenda.

160 1001 252 1064 Unde
266 1005 353 1064 rudes
368 1004 498 1077 scirent,
513 1005 587 1082 quid
598 1003 734 1063 moribus
745 1015 821 1063 esset
834 1004 1017 1066 honestum!

161 1094 254 1174 Quod
264 1095 387 1178 digitos,
397 1096 687 1177 oculosqueputant‚
696 1095 1043 1178 bocqoaequepudendz

159 1184 286 1251 Publica
298 1189 460 1272 jungebant
473 1189 629 1250 affectibus
643 1187 743 1249 oscula
755 1189 888 1268 passim,

92 1289 95 1294 '
160 1281 190 1344 N
194 1303 229 1344 ec
241 1283 335 1344 rubor
348 1283 516 1355 alluserat,
532 1303 601 1342 cum
614 1292 704 1340 staret
717 1281 802 1363 origo
817 1283 969 1362 pudoris,

33 1453 36 1460 Ι
144 1409 146 1416 1
160 1373 364 1456 lllicitumque
378 1375 435 1436 sibi
450 1394 572 1456 prorsus
584 1372 660 1434 nibil
671 1393 733 1434 esse
746 1375 900 1464 putabant.

160 1465 201 1526 Et
214 1468 291 1529 bene
304 1469 482 1541 eredebant,
497 1466 604 1546 quibus
617 1466 722 1524 omnia
733 1467 816 1547 jussit
828 1469 865 1528 ad
879 1489 996 1546 usum,

159 1559 287 1621 Arboris
298 1562 384 1621 unius
396 1561 494 1622 fructu
506 1559 562 1620 sub
573 1558 637 1642 lege
649 1570 767 1642 negato.

199 1651 336 1712 Vomere
348 1673 409 1712 oon
421 1652 526 1729 tellus,
540 1672 603 1713 non
613 1663 708 1712 rastro
720 1654 797 1734 jussa
810 1651 955 1734 domari,

160 1744 305 1824 Quaerere
316 1765 373 1806 nec
383 1747 474 1806 sudor
483 1746 595 1810 fructus
605 1765 782 1824 quocunque
796 1745 906 1808 labore

161 1835 308 1921 Cogitur,
329 1851 378 1899 aut
388 1858 512 1920 campos
525 1839 626 1918 aliquo
640 1841 677 1900 de
690 1838 775 1899 fonte
787 1840 907 1920 rigare,

160 1930 329 1992 lmbriferis
340 1951 461 2012 semper
473 1932 583 2013 pluviis
595 1932 767 1995 absentibus
779 1933 856 1995 uber

162 2025 276 2107 Cespes
289 2068 298 2099 ‚
314 2039 342 2086 et
357 2025 482 2086 arbitrio
495 2024 601 2086 crescit
613 2025 709 2086 fetura
722 2026 842 2088 marito.

161 2117 309 2180 Praeterea
322 2119 393 2180 solis
404 2119 489 2178 datus
501 2130 544 2178 est
557 2117 640 2179 locus
653 2117 705 2178 ille
717 2119 851 2196 duobus,

159 2210 288 2274 Deliciis
304 2212 464 2272 bominum
475 2222 590 2270 tantum
603 2223 788 2272 constructus
800 2211 917 2291 opacis.

160 2303 192 2363 N
195 2325 235 2364 on
249 2304 379 2384 placidas
391 2299 532 2364 sustentat
544 2323 627 2377 aves,
640 2323 702 2363 non
714 2323 769 2363 ore
781 2317 942 2382 cruentas,
983 2363 987 2372 ,

160 2393 320 2478 Unguibus
332 2408 459 2457 armatas
468 2396 561 2456 nescit
574 2395 710 2476 perferre
722 2396 876 2472 volucres,

161 2486 267 2549 Omne
278 2508 370 2570 genus
383 2491 532 2568 pecudum
545 2489 658 2563 nescit,
682 2507 773 2571 genus
786 2510 879 2549 omne
899 2491 1039 2555 serarum.

161 2578 250 2642 Solus
263 2582 305 2642 ibi
319 2582 439 2660 irrepsit
451 2601 611 2660 squamoso
624 2601 753 2662 corpore
767 2603 914 2666 serpeus,

160 2673 329 2736 Fraudibus
341 2675 472 2735 imbutus
485 2675 610 2750 mortis,
623 2688 712 2754 caput
725 2694 815 2736 omne
828 2677 1001 2754 malorum,

136 2829 144 2837 ,
162 2765 288 2831 Pectore
301 2770 424 2850 vipereo
437 2766 585 2828 mellitum
598 2788 634 2827 ex
646 2787 700 2828 ore
710 2787 861 2830 venenum

161 2860 302 2924 Ponereo
313 2864 367 2923 sub
381 2865 469 2922 deute
479 2879 587 2942 parans
600 2848 756 2942 spumante
767 2861 879 2942 palato.

161 2955 243 3038 Ergo
255 2957 297 3015 ibi
309 2958 387 3017 livor
400 2959 470 3018 edax
482 2969 639 3017 comosum
652 2956 740 3016 deute
754 2976 905 3016 venenum

161 3050 286 3112 lnvidiae
298 3053 449 3112 mordacis
458 3051 570 3112 babens
580 3050 635 3111 s'ub
647 3049 745 3111 fronte
759 3052 916 3127 modesta,

163 3143 282 3224 Quaerit
295 3162 385 3224 opem
398 3147 521 3224 sceleri⁷
536 3166 591 3226 per
605 3166 694 3225 quam
708 3147 828 3210 fallatur
840 3147 996 3220 honestas,
1067 3160 1068 3185 ¹
