2106 3846
4 321 111 385 2¹79·
231 307 437 362 cannes.
469 309 557 368 mn
585 313 651 364 111.
823 299 882 392 259

4 409 150 470 ,mictum
163 407 202 468 ad
211 405 322 467 solium
340 402 452 468 Christi
465 393 648 488 suspendere
662 421 769 471 uotum
783 435 789 472 :

4 501 96 584 Cujus
109 501 259 583 judicium
271 501 314 562 sic
325 500 517 563 inscrutabile
530 515 561 561 et
571 501 667 563 altum

4 597 153 670 licinius,
166 608 200 656 ut
212 615 300 658 verax
311 616 433 677 prorsus
444 596 590 657 fateamur
600 610 631 658 ct
640 611 781 675 aequum„

4 689 84 750 iiam
98 691 244 750 meritum
257 691 296 750 ad
308 703 438 751 mortem
452 690 639 752 subeundam
649 689 758 752 suffieit
769 711 882 762 unum
948 691 950 696 ’

4 783 42 844 ld
54 783 173 858 vitam,
187 782 246 848 uisi
257 785 339 863 quod
352 783 472 846 donarit
483 781 609 860 Gratia,
623 781 751 844 nullum.

35 877 90 938 Tu
101 897 195 954 vero,
209 899 227 939 o
241 899 421 960 mungens,
435 877 544 940 veteris
557 899 625 957 quse.
634 877 728 960 stirpe
740 877 860 940 oleastri

4 969 155 1046 velleris,
169 985 199 1032 et
208 993 300 1036 sacrae
313 974 405 1036 ramis
416 973 556 1035 inolescis
568 973 667 1050 olivae,
692 1025 696 1036 f

4 1062 150 1142 Quaerere
162 1065 299 1128 lormstae
310 1068 402 1130 semis
412 1080 445 1128 te
454 1067 730 1130 frondisbonorem

6 1155 77 1216 Non
89 1160 188 1220 studio
199 1163 324 1244 coepisse
334 1175 398 1238 tuo,
412 1164 463 1223 sed
472 1163 538 1244 jure
549 1161 682 1242 potentis
765 1183 769 1194 “

5 1249 150 1331 Agricolae
161 1255 305 1316 insertam
318 1256 447 1340 fecundo
458 1255 558 1317 virere
572 1255 654 1336 ligno
667 1276 674 1312 :

4 1341 102 1406 Vince
115 1347 317 1426 superborum
331 1347 436 1424 flatus,
451 1360 481 1408 et
491 1367 567 1409 vana
580 1346 735 1408 furentum
798 1416 801 1424 ¹

4 1435 192 1500 I'nrbinibus
202 1440 301 1502 stabili
313 1442 398 1503 sortis
411 1441 523 1524 pietate
531 1441 634 1500 resiste
651 1464 658 1499 :

5 1529 70 1593 Nee
80 1531 141 1592 tibi
152 1532 265 1596 fallacis
276 1534 416 1617 subrepat
426 1536 525 1617 imago
543 1533 669 1596 decoris.

5 1623 136 1686 Nullum
149 1647 186 1688 ex
196 1627 243 1688 bis
253 1648 353 1689 errare
368 1641 454 1710 putes
467 1629 561 1690 ilicet
568 1629 600 1706 in
612 1647 699 1691 eruce
711 1627 805 1690 vitam

6 1715 148 1797 Ducant,
159 1734 191 1780 et
197 1723 255 1804 jugi
271 1724 459 1786 afficiuntsna
473 1743 602 1804 corpora
614 1735 731 1799 morte,

7 1813 187 1876 Abstineant
197 1818 307 1898 opibus
318 1863 327 1894 ,
343 1819 401 1879 sint
414 1817 486 1881 casti
495 1859 505 1893 ‚
515 1818 632 1896 sintque
642 1803 786 1898 benigni,

4 1903 210 1994 Terrenisque
224 1910 321 1972 serant
333 1913 467 1973 animum
479 1931 569 1994 super
581 1923 658 1972 astru
670 1908 782 1969 relictis
795 1930 803 1967 ε

8 1995 43 2057 Si
55 2012 159 2062 tamen
170 2003 236 2066 baec
245 2006 371 2087 propria
383 2007 489 2068 virtute
502 2022 656 2086 capessere
667 2019 850 2081 quemqnam

9 2090 105 2156 Posse
116 2097 243 2178 putant,
255 2099 329 2180 sitve
342 2113 374 2161 ut
386 2101 489 2184 dignm
500 2099 587 2158 labor
597 2097 653 2155 iste
665 2095 779 2174 juvari,

6 2184 171 2270 Ingenium
183 2192 327 2254 meruisse
339 2194 422 2254 aiunt
433 2194 514 2252 bona
527 2207 597 2250 vera
609 2187 738 2268 petentis
751 2210 762 2244 :v

9 2277 158 2344 Crescere
172 2304 233 2362 quo
246 2285 389 2366 cupiunt,
403 2279 795 2362 minuuntur-„proficiendo

7 2371 183 2447 Delicium
196 2379 343 2460 surgendo
358 2379 482 2448 cadnut;
497 2376 646 2438 currendo
659 2374 811 2436 recedunt.
848 2433 874 2442 ,,,

9 2463 111 2530 Unde
120 2469 232 2528 etenim
245 2471 313 2530 vani
323 2462 431 2542 frustra
442 2468 650 2550 splendescere
663 2479 816 2547 quaerunt,

8 2559 90 2622 lude
104 2562 299 2625 obscurantur
312 2588 319 2626 ε
334 2565 479 2645 quoniam
492 2583 558 2639 sua,
572 2561 668 2623 laudis
678 2579 800 2632 amore,

6 2653 42 2718 N
45 2675 89 2718 on
103 2679 171 2738 quae
181 2671 251 2717 sunt
264 2656 377 2720 Christi
391 2670 545 2737 quaerunt,
562 2676 618 2718 neo
631 2654 664 2714 lit
676 2651 763 2712 Deus
776 2649 835 2710 illis

9 2749 206 2832 Principium
221 2774 229 2810 ι
243 2764 274 2811 et
284 2751 375 2832 capiti
388 2771 450 2812 non
464 2752 535 2812 dant
544 2751 576 2809 in
588 2763 717 2825 corpore
731 2763 864 2826 regnum.
900 2815 901 2820 η

6 2843 91 2904 Non
99 2842 334 2927 bornmtemplo
342 2858 386 2906 est
396 2843 639 2923 Christnspetre‚
655 2838 897 2916 fundamentum,

8 2935 75 2998 Sed
89 2955 183 3020 snper
194 2937 366 3000 instabilem
379 2939 496 3000 arbitrii
509 2935 638 2997 nutantis
648 2952 771 2993 arenam

10 3031 204 3114 Amorgum,
220 3032 296 3092 loeda
308 3031 420 3113 lapsuri
433 3030 515 3092 mole
528 3028 664 3110 tumoris.
789 3021 792 3026 ’

56 3125 117 3194 Isti
129 3147 220 3216 quem
235 3127 357 3207 quidam
371 3127 572 3212 reprobarunt
583 3121 777 3202 aedificantes,
