2102 3846
148 304 206 371 158
388 315 498 370 sno.
533 309 601 364 sn.
636 307 792 364 svrst
946 319 1018 387 op.

146 416 541 500 Longiorinsanssrnentes
554 405 818 471 dissolveremus.
899 433 909 440 ·

148 509 304 572 Contenos
316 509 426 574 novies=
435 507 541 570 crebro
556 525 625 566 cum
639 503 762 564 duceret
774 521 872 563 annos

147 603 219 665 Vita
231 617 337 681 tenax,
352 615 435 664 tanto
448 599 584 682 suspensi
597 610 736 680 tempore
748 595 820 658 letbi

146 697 259 760 Nullus
268 711 367 759 terror
379 709 453 768 erat3
465 713 529 756 sors
540 695 564 754 si
577 710 668 772 quem
681 690 895 768 secessisset,

150 792 216 855 Ceu
231 794 283 872 qui
296 813 353 854 nec
366 803 452 852 natus
465 788 573 863 fuerit,
587 805 799 866 nunquamque
813 785 961 850 levandus

150 885 253 948 Morte
266 885 443 968 putabatur:
456 883 499 944 sic
512 881 625 944 cunctis
639 880 721 942 nulla
732 880 824 941 futuri
1042 947 1043 956 ἒ

151 979 228 1064 Spes
240 980 355 1054 inerat,
368 977 506 1056 solusque
518 974 575 1036 sibi
587 972 762 1036 fundaverat
775 991 907 1036 omnem

151 1073 295 1136 Sensibus
306 1074 338 1134 in
350 1073 435 1136 caecis
445 1071 594 1152 periturus
607 1070 737 1130 mundns
750 1087 904 1130 amorem.

190 1167 346 1248 Tempore
360 1164 524 1247 quinetiam
539 1161 688 1245 peccatrix
700 1177 777 1222 terra
787 1162 842 1222 sub
858 1163 934 1246 ipso

151 1262 297 1324 Nutribat
310 1279 403 1322 savos
417 1258 561 1318 immania
575 1267 710 1316 monstra
723 1256 866 1338 gigantes.

151 1356 182 1417 N
187 1378 222 1418 ec
233 1369 334 1417 tamen
348 1355 434 1414 effari
447 1353 563 1414 licitum
573 1371 633 1430 quo
645 1350 760 1410 semine
774 1362 886 1412 cretos.

103 1510 107 1516 .
154 1449 360 1512 Communem
372 1446 487 1510 cunctis
501 1458 601 1506 ortum
614 1445 652 1505 de
665 1443 935 1521 matreierebant,

153 1543 218 1621 Qui
230 1563 339 1626 genus,
355 1542 433 1600 unde
444 1553 544 1621 patres
554 1583 563 1614 ‚
575 1537 740 1620 probibent
750 1557 857 1599 arcana
871 1538 969 1598 fateri.

153 1636 186 1698 Si
200 1637 332 1718 speciem
345 1653 476 1714 quaeras,
491 1634 615 1694 bomani
629 1632 766 1714 conponis
778 1631 836 1693 iilis

154 1729 226 1791 Plus
235 1731 349 1805 vultus,
365 1747 455 1808 quam
468 1729 566 1790 sorma
577 1727 652 1788 iuis:
667 1729 709 1790 sie
721 1727 799 1789 linea
812 1727 966 1789 membris

155 1822 347 1888 Conveniens
360 1823 517 1884 bominem
532 1822 736 1898 monstrabat,
752 1822 874 1883 dissona
888 1821 1000 1884 molen.

154 1918 257 1997 Quam
268 1931 395 2002 propter
406 1918 548 1998 deinceps
559 1918 740 1978 commentis
750 1915 874 1978 Graecia
889 1917 966 1981 fletis

152 2013 294 2078 Dedecus
307 2009 464 2090 infandum
478 2012 581 2071 massis
595 2010 776 2070 informibus
786 2011 885 2087 ausit,

153 2107 194 2170 Et
207 2107 390 2190 portentosis
403 2106 561 2185 descripsit
574 2122 705 2186 corpore
719 2105 866 2164 membris
882 2129 892 2166 r

156 2199 242 2262 Pube
255 2215 341 2263 tenos
354 2202 435 2279 quod
445 2201 543 2260 forma
554 2199 643 2272 viris,
657 2217 727 2259 cum
741 2199 881 2280 corporis
897 2199 958 2259 ima

156 2292 341 2376 supplerent
352 2293 426 2354 vasti
438 2292 531 2353 mixto
545 2313 603 2374 pro
615 2311 701 2354 crure
713 2293 869 2354 dracones.

154 2387 246 2449 Artos
259 2388 495 2448 semihominum
505 2385 612 2466 patulis
620 2385 672 2466 qui
685 2385 820 2467 faucibus
834 2387 893 2448 atri

143 2479 304 2557 =Ferunt,
317 2495 346 2542 et
359 2499 445 2542 verso
457 2481 628 2562 preberent
640 2482 751 2542 vertice
761 2501 888 2564 gressus.

155 2573 244 2638 Tunc
257 2576 347 2636 etiam
360 2574 482 2650 soiitos,
496 2577 575 2656 jusso
589 2588 703 2636 terrore
717 2576 852 2650 tonanti,

155 2670 348 2753 Biaspbemis
361 2669 437 2733 cosio
450 2669 581 2732 convitia
595 2670 714 2730 mittere
725 2669 852 2750 plantis,

132 2772 135 2782 '
156 2764 377 2847 blordacesque
389 2765 481 2847 pedes
503 2777 587 2824 rnotu
601 2765 757 2825 fremuisse
771 2765 889 2825 veneni.

158 2857 218 2920 His
229 2859 344 2921 similes
357 2861 483 2922 mendax
495 2857 641 2940 Phlegraei
655 2856 755 2919 fabula
763 2857 836 2918 belii

28 2951 32 2960 “
98 2987 100 2990 -
159 2952 303 3016 Excussas
314 2953 396 3013 finxit
408 2953 514 3037 jecisse
528 2974 583 3034 per
594 2971 663 3014 aera
677 2973 787 3034 rupes,
865 2969 868 2978 ¹

159 3045 222 3108 Pro
233 3048 300 3110 telis
308 3047 437 3130 spatiosa
449 3069 555 3119 manus
566 3049 648 3127 quod
659 3048 778 3109 turbine
789 3059 908 3107 montes

162 3142 332 3229 sparserit,
347 3155 377 3204 et
390 3143 495 3205 missus
507 3142 616 3204 coelum
629 3161 770 3220 quassare
787 3141 810 3203 it
821 3141 907 3202 urvis.
948 3183 956 3197 .
