2126 3848
142 269 146 272 ’
238 277 661 331 EPIGRAMMATA.
806 269 866 353 295

15 379 39 438 ed
49 397 114 437 non
126 377 188 438 boc
199 375 294 458 pietas
309 385 447 436 contenta
460 385 504 434 est
516 372 612 434 limite
626 371 743 449 claudi,

19 471 92 534 Nec
101 471 205 555 justis,
220 468 318 530 vetitis
330 466 521 543 abstinuisse,
538 479 581 527 sat
595 479 647 526 est.

15 569 85 647 ajor
96 585 171 627 eura
182 564 257 638 boni
270 575 312 624 est
323 563 449 622 fratrum
461 561 593 621 relevare
605 560 742 634 labores,

21 659 63 720 Et
75 659 157 720 serre
170 671 306 740 optatum
317 653 450 716 tristibus
463 654 625 726 auxilium

15 775 112 818 escere
124 756 262 836 jejunos,
276 752 373 812 nudos
386 751 510 823 vestire,
525 748 630 830 ligatus

25 847 171 923 Solvere,
184 847 336 908 discordes
348 842 509 907 conciliare
520 839 596 902 sibi:

15 954 24 1000 t
37 961 224 1022 quoscunque
237 941 376 1002 homines
388 935 491 998 miseri
501 934 606 1013 solatia
620 946 771 1014 quaerunt,

31 1035 104 1098 Hoc
117 1049 152 1096 nt
163 1034 308 1118 possibile
322 1046 382 1108 est,
396 1049 539 1113 promere
551 1029 641 1091 corde
654 1029 706 1110 pio
717 1049 725 1100 ;

15 1128 35 1188 it
46 1131 118 1192 recti
132 1150 205 1191 vere
219 1130 360 1210 cupidus,
375 1145 505 1206 vereque
519 1123 664 1206 benignus

34 1221 110 1301 Quae
123 1223 207 1285 mala
219 1237 304 1298 sunt,
318 1221 426 1304 fugiat,
442 1241 509 1298 quae
520 1217 602 1278 bona
614 1221 699 1291 sunt,
709 1215 811 1278 faciat.

286 1323 289 1325 ’
345 1309 516 1376 LXXXI.

15 1411 112 1472 iaudet
124 1424 323 1494 transgressor
335 1420 459 1488 peccato
472 1405 597 1484 impune
608 1401 738 1482 potitus,

33 1504 67 1565 si
80 1527 147 1566 nun
159 1505 287 1565 insertur
300 1501 400 1564 debita
413 1501 582 1582 poenarum

15 1597 57 1659 :eu
70 1599 153 1659 nulla
165 1595 320 1658 offendant
332 1595 492 1656 bominum
507 1590 667 1652 commissa
678 1600 852 1662 tonantem,

35 1693 93 1752 Aut
105 1691 208 1771 aliqua
218 1691 326 1752 excelsi
339 1688 476 1750 notitiam
490 1686 618 1745 lateant:

15 1785 55 1846 ‘ted
66 1787 230 1846 vetitorum
243 1783 336 1846 aridis
348 1782 466 1865 gravior
477 1791 547 1840 tunc
559 1777 603 1836 ira
616 1777 749 1836 timenda
761 1787 823 1849 est,
919 1794 922 1799 ’

38 1879 115 1942 Cum
129 1899 196 1941 sese
208 1889 366 1939 removent
376 1875 500 1937 verbera
512 1871 648 1955 justitiae:

15 1973 77 2033 iam
93 1973 167 2054 quid
181 1973 239 2035 erit
252 1971 369 2046 morbi,
383 1969 464 2048 quod
477 1987 539 2026 non
552 1963 758 2025 dominabitur
770 1959 833 2034 illi,

42 2065 219 2149 Cuisnpera
228 2064 368 2127 auxilium
378 2066 439 2145 jam
453 2060 604 2122 medicina
615 2045 711 2138 negat.
726 2081 730 2086 ³

341 2152 539 2217 LXXXlI.

15 2254 116 2316 ?elices
128 2274 200 2316 vere
210 2253 338 2326 faciunt,
352 2247 531 2329 semperque
544 2244 647 2304 beatos

40 2350 92 2410 De
103 2368 195 2424 reru,
210 2331 372 2408 et'summo
384 2341 489 2427 gandia
499 2343 567 2400 nata
579 2339 661 2399 bonu
673 2358 680 2408 ;

15 2444 83 2504 tiam
95 2443 203 2506 mundi
214 2462 249 2502 ex
261 2439 370 2523 opibus
381 2436 496 2510 brevis,
511 2432 689 2514 ac.peritura
699 2427 835 2510 voluptas

45 2537 132 2600 Edita
143 2547 300 2620 perpetuae
312 2527 428 2594 semina
438 2527 544 2589 mortis
554 2527 660 2597 babet3
773 2517 775 2524 ’

15 2632 74 2696 ‚ion
85 2633 205 2715 placeat
216 2629 299 2693 vanis
309 2626 445 2696 animum
457 2622 631 2682 submittere
644 2618 751 2690 rebus,
846 2641 849 2650 ¹

44 2727 259 2805 Pestiferisque
273 2722 391 2786 avidam
404 2727 537 2778 mentem
551 2730 678 2773 onerare
689 2707 783 2768 cibis:

15 2821 68 2885 Sor
80 2823 250 2894 muudum,
265 2830 294 2878 et
307 2815 426 2895 sapiens
436 2810 532 2869 fructu
544 2802 660 2865 virtutis
672 2799 783 2874 alatur,

43 2915 84 2977 Et
98 2913 215 2978 Christi
229 2911 260 2971 in
274 2919 377 2970 nostro
390 2915 513 2985 pectore
525 2908 626 2980 regnet
636 2912 739 2968 amor,

15 3009 78 3092 Quo
89 3006 186 3072 semel
199 3003 341 3086 impletus
352 3014 505 3086 nunqnam
516 2989 690 3054 vacuabitur
703 2986 773 3062 illo,

47 3101 183 3167 AEterna
194 3098 297 3162 aeterni
310 3094 435 3159 flumina
446 3088 538 3152 tontis
551 3095 658 3147 eruut:
770 3082 774 3090 '
