<?xml version="1.0" encoding="UTF-8"?>
<!DOCTYPE html PUBLIC "-//W3C//DTD XHTML 1.0 Transitional//EN"
    "http://www.w3.org/TR/xhtml1/DTD/xhtml1-transitional.dtd">
<html xmlns="http://www.w3.org/1999/xhtml" xml:lang="en" lang="en">
 <head>
  <title>
</title>
<meta http-equiv="Content-Type" content="text/html;charset=utf-8" />
  <meta name='ocr-system' content='tesseract 3.04.00' />
  <meta name='ocr-capabilities' content='ocr_page ocr_carea ocr_par ocr_line ocrx_word'/>
</head>
<body>
  <div class='ocr_page' id='page_1' title='image "./caiicaeliisedul00sedugoog_0275.png"; bbox 0 0 2106 3846; ppageno 0'>
   <div class='ocr_carea' id='block_1_1' title="bbox 146 253 1032 1007">
    <p class='ocr_par' dir='ltr' id='par_1_1' title="bbox 146 253 1032 531">
     <span class='ocr_line' id='line_1_1' title="bbox 146 253 1032 344; baseline -0.012 -21"><span class='ocrx_word' id='word_1_1' title='bbox 146 253 206 323; x_wconf 76' lang='lat'>268</span> <span class='ocrx_word' id='word_1_2' title='bbox 319 339 322 344; x_wconf 23' lang='grc' dir='ltr'>Ι</span> <span class='ocrx_word' id='word_1_3' title='bbox 401 270 436 321; x_wconf 86' lang='lat' dir='ltr'>u.</span> <span class='ocrx_word' id='word_1_4' title='bbox 468 266 760 322; x_wconf 78' lang='lat' dir='ltr'>ruosrurr</span> <span class='ocrx_word' id='word_1_5' title='bbox 927 256 1032 338; x_wconf 68' lang='lat' dir='ltr'>m9t.</span> 
     </span>
     <span class='ocr_line' id='line_1_2' title="bbox 146 359 872 443; baseline -0.01 -16"><span class='ocrx_word' id='word_1_6' title='bbox 146 363 258 426; x_wconf 77' lang='lat' dir='ltr'>Libera</span> <span class='ocrx_word' id='word_1_7' title='bbox 271 361 412 436; x_wconf 69' lang='lat' dir='ltr'>tiberias,</span> <span class='ocrx_word' id='word_1_8' title='bbox 424 361 564 443; x_wconf 77' lang='lat' dir='ltr'>sapiens,</span> <span class='ocrx_word' id='word_1_9' title='bbox 576 359 740 442; x_wconf 78' lang='lat' dir='ltr'>sapientia,</span> <span class='ocrx_word' id='word_1_10' title='bbox 753 361 872 440; x_wconf 85' lang='lat' dir='ltr'>justum</span> 
     </span>
     <span class='ocr_line' id='line_1_3' title="bbox 146 454 857 531; baseline -0.003 -13"><span class='ocrx_word' id='word_1_11' title='bbox 146 458 323 531; x_wconf 81' lang='lat' dir='ltr'>Judieium,</span> <span class='ocrx_word' id='word_1_12' title='bbox 336 468 366 516; x_wconf 87' lang='lat' dir='ltr'>et</span> <span class='ocrx_word' id='word_1_13' title='bbox 376 455 462 515; x_wconf 82' lang='lat' dir='ltr'>fortis</span> <span class='ocrx_word' id='word_1_14' title='bbox 475 456 586 531; x_wconf 81' lang='lat' dir='ltr'>virtus,</span> <span class='ocrx_word' id='word_1_15' title='bbox 598 467 629 516; x_wconf 88' lang='lat' dir='ltr'>et</span> <span class='ocrx_word' id='word_1_16' title='bbox 639 474 710 515; x_wconf 78' lang='lat' dir='ltr'>sana</span> <span class='ocrx_word' id='word_1_17' title='bbox 722 454 857 516; x_wconf 74' lang='lat' dir='ltr'>facultas.</span> 
     </span>
    </p>

    <p class='ocr_par' dir='ltr' id='par_1_2' title="bbox 146 546 991 820">
     <span class='ocr_line' id='line_1_4' title="bbox 149 546 982 632; baseline -0.004 -21"><span class='ocrx_word' id='word_1_18' title='bbox 149 551 249 632; x_wconf 85' lang='lat' dir='ltr'>Hujus</span> <span class='ocrx_word' id='word_1_19' title='bbox 261 552 329 631; x_wconf 89' lang='lat' dir='ltr'>opis</span> <span class='ocrx_word' id='word_1_20' title='bbox 339 570 460 630; x_wconf 80' lang='lat' dir='ltr'>semper</span> <span class='ocrx_word' id='word_1_21' title='bbox 475 546 590 624; x_wconf 80' lang='lat' dir='ltr'>,Pater</span> <span class='ocrx_word' id='word_1_22' title='bbox 604 548 827 631; x_wconf 77' lang='lat' dir='ltr'>‚indigeamusz</span> <span class='ocrx_word' id='word_1_23' title='bbox 851 549 898 610; x_wconf 78' lang='lat' dir='ltr'>ab</span> <span class='ocrx_word' id='word_1_24' title='bbox 914 549 982 631; x_wconf 79' lang='lat' dir='ltr'>ipsa</span> 
     </span>
     <span class='ocr_line' id='line_1_5' title="bbox 146 641 991 718; baseline -0.004 -13"><span class='ocrx_word' id='word_1_25' title='bbox 146 643 279 706; x_wconf 72' lang='lat' dir='ltr'>Prodest</span> <span class='ocrx_word' id='word_1_26' title='bbox 290 643 446 704; x_wconf 77' lang='lat' dir='ltr'>arbitrium</span> <span class='ocrx_word' id='word_1_27' title='bbox 459 656 615 718; x_wconf 81' lang='lat' dir='ltr'>nostrum,</span> <span class='ocrx_word' id='word_1_28' title='bbox 630 641 769 704; x_wconf 81' lang='lat' dir='ltr'>nihiihuc</span> <span class='ocrx_word' id='word_1_29' title='bbox 781 643 869 718; x_wconf 86' lang='lat' dir='ltr'>sine,</span> <span class='ocrx_word' id='word_1_30' title='bbox 883 663 991 704; x_wconf 87' lang='lat' dir='ltr'>seusus</span> 
     </span>
     <span class='ocr_line' id='line_1_6' title="bbox 150 736 859 820; baseline -0.007 -18"><span class='ocrx_word' id='word_1_31' title='bbox 150 737 304 820; x_wconf 89' lang='lat' dir='ltr'>Corporei</span> <span class='ocrx_word' id='word_1_32' title='bbox 313 739 444 819; x_wconf 83' lang='lat' dir='ltr'>possint,</span> <span class='ocrx_word' id='word_1_33' title='bbox 460 757 537 818; x_wconf 93' lang='lat' dir='ltr'>opus</span> <span class='ocrx_word' id='word_1_34' title='bbox 549 749 580 796; x_wconf 90' lang='lat' dir='ltr'>ut</span> <span class='ocrx_word' id='word_1_35' title='bbox 590 736 698 797; x_wconf 82' lang='lat' dir='ltr'>servile</span> <span class='ocrx_word' id='word_1_36' title='bbox 713 736 859 814; x_wconf 83' lang='lat' dir='ltr'>quiescat.</span> 
     </span>
    </p>

    <p class='ocr_par' dir='ltr' id='par_1_3' title="bbox 148 829 990 1007">
     <span class='ocr_line' id='line_1_7' title="bbox 148 829 990 914; baseline 0.001 -23"><span class='ocrx_word' id='word_1_37' title='bbox 148 829 189 891; x_wconf 88' lang='lat' dir='ltr'>Et</span> <span class='ocrx_word' id='word_1_38' title='bbox 202 845 253 892; x_wconf 77' lang='lat' dir='ltr'>tua</span> <span class='ocrx_word' id='word_1_39' title='bbox 265 832 339 892; x_wconf 84' lang='lat' dir='ltr'>duur</span> <span class='ocrx_word' id='word_1_40' title='bbox 350 831 382 890; x_wconf 89' lang='lat' dir='ltr'>iu</span> <span class='ocrx_word' id='word_1_41' title='bbox 394 832 484 892; x_wconf 87' lang='lat' dir='ltr'>nobis</span> <span class='ocrx_word' id='word_1_42' title='bbox 497 831 593 914; x_wconf 79' lang='lat' dir='ltr'>agitur</span> <span class='ocrx_word' id='word_1_43' title='bbox 607 875 616 903; x_wconf 76' lang='lat'>‚</span> <span class='ocrx_word' id='word_1_44' title='bbox 631 850 693 890; x_wconf 89' lang='lat' dir='ltr'>non</span> <span class='ocrx_word' id='word_1_45' title='bbox 707 843 809 890; x_wconf 83' lang='lat' dir='ltr'>nostra</span> <span class='ocrx_word' id='word_1_46' title='bbox 822 831 990 905; x_wconf 76' lang='lat' dir='ltr'>voluutas,</span> 
     </span>
     <span class='ocr_line' id='line_1_8' title="bbox 149 923 856 1007; baseline 0.001 -24"><span class='ocrx_word' id='word_1_47' title='bbox 149 925 297 1007; x_wconf 76' lang='lat' dir='ltr'>Legitima</span> <span class='ocrx_word' id='word_1_48' title='bbox 309 926 341 985; x_wconf 93' lang='lat' dir='ltr'>iu</span> <span class='ocrx_word' id='word_1_49' title='bbox 351 924 461 986; x_wconf 79' lang='lat' dir='ltr'>sanetis</span> <span class='ocrx_word' id='word_1_50' title='bbox 470 926 614 988; x_wconf 78' lang='lat' dir='ltr'>ducamus</span> <span class='ocrx_word' id='word_1_51' title='bbox 625 924 747 985; x_wconf 78' lang='lat' dir='ltr'>sabbata</span> <span class='ocrx_word' id='word_1_52' title='bbox 760 923 856 984; x_wconf 85' lang='lat' dir='ltr'>sestis.</span> 
     </span>
    </p>
   </div>
   <div class='ocr_carea' id='block_1_2' title="bbox 546 1123 645 1136">
    <p class='ocr_par' dir='ltr' id='par_1_4' title="bbox 546 1123 645 1136">
     <span class='ocr_line' id='line_1_9' title="bbox 546 1123 645 1136; baseline -0.02 0"><span class='ocrx_word' id='word_1_53' title='bbox 546 1123 645 1136; x_wconf 68' lang='grc'>-</span> 
     </span>
    </p>
   </div>
   <div class='ocr_carea' id='block_1_3' title="bbox 197 1245 1004 1399">
    <p class='ocr_par' dir='ltr' id='par_1_5' title="bbox 197 1245 1004 1399">
     <span class='ocr_line' id='line_1_10' title="bbox 197 1245 1004 1302; baseline 0.001 -3"><span class='ocrx_word' id='word_1_54' title='bbox 197 1249 419 1302; x_wconf 76' lang='lat' dir='ltr'>EPITAPHIUM</span> <span class='ocrx_word' id='word_1_55' title='bbox 440 1247 685 1300; x_wconf 74' lang='lat' dir='ltr'><strong>NESTORIANAE</strong></span> <span class='ocrx_word' id='word_1_56' title='bbox 707 1246 753 1297; x_wconf 89' lang='lat' dir='ltr'>ET</span> <span class='ocrx_word' id='word_1_57' title='bbox 778 1245 1004 1300; x_wconf 75' lang='lat' dir='ltr'><strong>PELAGIANAE</strong></span> 
     </span>
     <span class='ocr_line' id='line_1_11' title="bbox 482 1360 702 1399; baseline -0.014 -1"><span class='ocrx_word' id='word_1_58' title='bbox 482 1363 502 1399; x_wconf 82' lang='lat' dir='ltr'>u</span> <span class='ocrx_word' id='word_1_59' title='bbox 512 1361 530 1398; x_wconf 75' lang='grc' dir='ltr'>ι</span> <span class='ocrx_word' id='word_1_60' title='bbox 541 1363 562 1398; x_wconf 80' lang='lat' dir='ltr'>tt</span> <span class='ocrx_word' id='word_1_61' title='bbox 572 1361 589 1398; x_wconf 74' lang='lat' dir='ltr'>u</span> <span class='ocrx_word' id='word_1_62' title='bbox 599 1360 638 1399; x_wconf 72' lang='lat' dir='ltr'>su</span> <span class='ocrx_word' id='word_1_63' title='bbox 648 1361 664 1398; x_wconf 93' lang='grc' dir='ltr'>ο</span> <span class='ocrx_word' id='word_1_64' title='bbox 675 1362 702 1396; x_wconf 84' lang='lat' dir='ltr'>rs.</span> 
     </span>
    </p>
   </div>
   <div class='ocr_carea' id='block_1_4' title="bbox 152 1465 1042 3168">
    <p class='ocr_par' dir='ltr' id='par_1_6' title="bbox 152 1465 1040 3168">
     <span class='ocr_line' id='line_1_12' title="bbox 152 1465 789 1565; baseline -0.005 -19"><span class='ocrx_word' id='word_1_65' title='bbox 152 1465 370 1546; x_wconf 69' lang='lat' dir='ltr'>Nusmmtm</span> <span class='ocrx_word' id='word_1_66' title='bbox 383 1483 446 1544; x_wconf 85' lang='lat' dir='ltr'>lues</span> <span class='ocrx_word' id='word_1_67' title='bbox 461 1481 588 1544; x_wconf 73' lang='lat' dir='ltr'>successi</span> <span class='ocrx_word' id='word_1_68' title='bbox 602 1479 789 1565; x_wconf 69' lang='lat' dir='ltr'>Pelagium,</span> 
     </span>
     <span class='ocr_line' id='line_1_13' title="bbox 199 1573 857 1659; baseline 0.003 -23"><span class='ocrx_word' id='word_1_69' title='bbox 199 1573 280 1654; x_wconf 74' lang='lat' dir='ltr'>Quae</span> <span class='ocrx_word' id='word_1_70' title='bbox 290 1588 393 1636; x_wconf 81' lang='lat' dir='ltr'>tumen</span> <span class='ocrx_word' id='word_1_71' title='bbox 406 1590 450 1636; x_wconf 85' lang='lat' dir='ltr'>est</span> <span class='ocrx_word' id='word_1_72' title='bbox 461 1589 548 1638; x_wconf 87' lang='lat' dir='ltr'>utero</span> <span class='ocrx_word' id='word_1_73' title='bbox 560 1589 762 1659; x_wconf 69' lang='lat' dir='ltr'>praegenerata</span> <span class='ocrx_word' id='word_1_74' title='bbox 772 1596 857 1638; x_wconf 80' lang='lat' dir='ltr'>meu.</span> 
     </span>
     <span class='ocr_line' id='line_1_14' title="bbox 153 1667 878 1752; baseline 0.003 -22"><span class='ocrx_word' id='word_1_75' title='bbox 153 1667 262 1730; x_wconf 78' lang='lat' dir='ltr'>Infelix</span> <span class='ocrx_word' id='word_1_76' title='bbox 274 1670 392 1730; x_wconf 78' lang='lat' dir='ltr'>miserae</span> <span class='ocrx_word' id='word_1_77' title='bbox 404 1671 532 1752; x_wconf 83' lang='lat' dir='ltr'>genitrix</span> <span class='ocrx_word' id='word_1_78' title='bbox 543 1684 573 1733; x_wconf 86' lang='lat' dir='ltr'>et</span> <span class='ocrx_word' id='word_1_79' title='bbox 584 1670 647 1730; x_wconf 79' lang='lat' dir='ltr'>fitia</span> <span class='ocrx_word' id='word_1_80' title='bbox 658 1683 735 1732; x_wconf 75' lang='lat' dir='ltr'>uutae</span> <span class='ocrx_word' id='word_1_81' title='bbox 876 1675 878 1680; x_wconf 79' lang='grc'>’</span> 
     </span>
     <span class='ocr_line' id='line_1_15' title="bbox 195 1757 819 1849; baseline 0.005 -29"><span class='ocrx_word' id='word_1_82' title='bbox 195 1757 321 1824; x_wconf 84' lang='lat' dir='ltr'>Prodivi</span> <span class='ocrx_word' id='word_1_83' title='bbox 335 1783 370 1824; x_wconf 82' lang='lat' dir='ltr'>er</span> <span class='ocrx_word' id='word_1_84' title='bbox 380 1763 448 1843; x_wconf 88' lang='lat' dir='ltr'>ipso</span> <span class='ocrx_word' id='word_1_85' title='bbox 459 1765 595 1849; x_wconf 80' lang='lat' dir='ltr'>germine</span> <span class='ocrx_word' id='word_1_86' title='bbox 609 1765 691 1843; x_wconf 84' lang='lat' dir='ltr'>quod</span> <span class='ocrx_word' id='word_1_87' title='bbox 703 1765 819 1846; x_wconf 81' lang='lat' dir='ltr'>peperi.</span> 
     </span>
     <span class='ocr_line' id='line_1_16' title="bbox 154 1854 957 1942; baseline 0.006 -24"><span class='ocrx_word' id='word_1_88' title='bbox 154 1854 238 1918; x_wconf 79' lang='lat' dir='ltr'>Nam</span> <span class='ocrx_word' id='word_1_89' title='bbox 249 1856 375 1918; x_wconf 74' lang='lat' dir='ltr'>fundare</span> <span class='ocrx_word' id='word_1_90' title='bbox 386 1877 487 1920; x_wconf 79' lang='lat' dir='ltr'>urcem</span> <span class='ocrx_word' id='word_1_91' title='bbox 502 1860 617 1920; x_wconf 87' lang='lat' dir='ltr'>meritis</span> <span class='ocrx_word' id='word_1_92' title='bbox 630 1859 715 1941; x_wconf 87' lang='lat' dir='ltr'>prior</span> <span class='ocrx_word' id='word_1_93' title='bbox 727 1879 794 1921; x_wconf 81' lang='lat' dir='ltr'>orsu</span> <span class='ocrx_word' id='word_1_94' title='bbox 805 1861 957 1942; x_wconf 88' lang='lat' dir='ltr'>superbis</span> 
     </span>
     <span class='ocr_line' id='line_1_17' title="bbox 196 1948 844 2037; baseline 0.005 -27"><span class='ocrx_word' id='word_1_95' title='bbox 196 1948 248 2010; x_wconf 86' lang='lat' dir='ltr'>De</span> <span class='ocrx_word' id='word_1_96' title='bbox 261 1952 359 2033; x_wconf 79' lang='lat' dir='ltr'>cupite</span> <span class='ocrx_word' id='word_1_97' title='bbox 369 1953 409 2012; x_wconf 78' lang='lat' dir='ltr'>ud</span> <span class='ocrx_word' id='word_1_98' title='bbox 418 1973 529 2034; x_wconf 84' lang='lat' dir='ltr'>corpus</span> <span class='ocrx_word' id='word_1_99' title='bbox 542 1953 652 2016; x_wconf 82' lang='lat' dir='ltr'>ducere</span> <span class='ocrx_word' id='word_1_100' title='bbox 662 1975 739 2037; x_wconf 87' lang='lat' dir='ltr'>opus</span> <span class='ocrx_word' id='word_1_101' title='bbox 751 1954 844 2015; x_wconf 82' lang='lat' dir='ltr'>voiui.</span> 
     </span>
     <span class='ocr_line' id='line_1_18' title="bbox 157 2041 982 2128; baseline 0.008 -24"><span class='ocrx_word' id='word_1_102' title='bbox 157 2041 220 2104; x_wconf 80' lang='lat' dir='ltr'>sed</span> <span class='ocrx_word' id='word_1_103' title='bbox 232 2047 386 2107; x_wconf 82' lang='lat' dir='ltr'>meadum</span> <span class='ocrx_word' id='word_1_104' title='bbox 400 2045 503 2128; x_wconf 85' lang='lat' dir='ltr'>proles</span> <span class='ocrx_word' id='word_1_105' title='bbox 515 2046 548 2107; x_wconf 89' lang='lat' dir='ltr'>iu</span> <span class='ocrx_word' id='word_1_106' title='bbox 560 2068 678 2110; x_wconf 85' lang='lat' dir='ltr'>summu</span> <span class='ocrx_word' id='word_1_107' title='bbox 688 2062 822 2110; x_wconf 78' lang='lat' dir='ltr'>armatur</span> <span class='ocrx_word' id='word_1_108' title='bbox 833 2049 876 2110; x_wconf 83' lang='lat' dir='ltr'>ub</span> <span class='ocrx_word' id='word_1_109' title='bbox 889 2051 982 2122; x_wconf 82' lang='lat' dir='ltr'>imis,</span> 
     </span>
     <span class='ocr_line' id='line_1_19' title="bbox 199 2135 825 2223; baseline 0.01 -25"><span class='ocrx_word' id='word_1_110' title='bbox 199 2135 343 2221; x_wconf 67' lang='lat' dir='ltr'>Congruit</span> <span class='ocrx_word' id='word_1_111' title='bbox 354 2138 488 2200; x_wconf 78' lang='lat' dir='ltr'>bellandi</span> <span class='ocrx_word' id='word_1_112' title='bbox 498 2153 637 2223; x_wconf 80' lang='lat' dir='ltr'>tempora</span> <span class='ocrx_word' id='word_1_113' title='bbox 649 2162 712 2203; x_wconf 87' lang='lat' dir='ltr'>uon</span> <span class='ocrx_word' id='word_1_114' title='bbox 723 2143 825 2204; x_wconf 78' lang='lat' dir='ltr'>habui.</span> 
     </span>
     <span class='ocr_line' id='line_1_20' title="bbox 157 2230 893 2316; baseline 0.005 -24"><span class='ocrx_word' id='word_1_115' title='bbox 157 2230 199 2291; x_wconf 83' lang='lat' dir='ltr'>Et</span> <span class='ocrx_word' id='word_1_116' title='bbox 210 2233 437 2316; x_wconf 79' lang='lat' dir='ltr'>consanguiueae</span> <span class='ocrx_word' id='word_1_117' title='bbox 448 2246 518 2316; x_wconf 87' lang='lat' dir='ltr'>post</span> <span class='ocrx_word' id='word_1_118' title='bbox 531 2235 627 2294; x_wconf 77' lang='lat' dir='ltr'>tristia</span> <span class='ocrx_word' id='word_1_119' title='bbox 639 2234 763 2296; x_wconf 78' lang='lat' dir='ltr'>vulnera</span> <span class='ocrx_word' id='word_1_120' title='bbox 775 2235 893 2296; x_wconf 73' lang='lat' dir='ltr'>fraudis</span> 
     </span>
     <span class='ocr_line' id='line_1_21' title="bbox 206 2324 744 2410; baseline 0.009 -26"><span class='ocrx_word' id='word_1_121' title='bbox 206 2324 323 2405; x_wconf 79' lang='lat' dir='ltr'>Aspera</span> <span class='ocrx_word' id='word_1_122' title='bbox 332 2329 472 2404; x_wconf 80' lang='lat' dir='ltr'>conserui</span> <span class='ocrx_word' id='word_1_123' title='bbox 481 2327 584 2409; x_wconf 79' lang='lat' dir='ltr'>praeiiu</span> <span class='ocrx_word' id='word_1_124' title='bbox 596 2328 656 2389; x_wconf 86' lang='lat' dir='ltr'>fine</span> <span class='ocrx_word' id='word_1_125' title='bbox 668 2330 744 2410; x_wconf 79' lang='lat' dir='ltr'>puri.</span> 
     </span>
     <span class='ocr_line' id='line_1_22' title="bbox 159 2415 869 2485; baseline 0.01 -9"><span class='ocrx_word' id='word_1_126' title='bbox 159 2415 214 2478; x_wconf 87' lang='lat' dir='ltr'>Me</span> <span class='ocrx_word' id='word_1_127' title='bbox 226 2430 328 2478; x_wconf 77' lang='lat' dir='ltr'>tamen</span> <span class='ocrx_word' id='word_1_128' title='bbox 338 2439 398 2479; x_wconf 78' lang='lat' dir='ltr'>unu</span> <span class='ocrx_word' id='word_1_129' title='bbox 409 2421 492 2481; x_wconf 83' lang='lat' dir='ltr'>dedit</span> <span class='ocrx_word' id='word_1_130' title='bbox 504 2423 615 2484; x_wconf 74' lang='lat' dir='ltr'>vietam</span> <span class='ocrx_word' id='word_1_131' title='bbox 628 2424 775 2484; x_wconf 75' lang='lat' dir='ltr'>sententia</span> <span class='ocrx_word' id='word_1_132' title='bbox 784 2423 869 2485; x_wconf 87' lang='lat' dir='ltr'>letho</span> 
     </span>
     <span class='ocr_line' id='line_1_23' title="bbox 199 2508 836 2602; baseline 0.014 -34"><span class='ocrx_word' id='word_1_133' title='bbox 199 2508 256 2569; x_wconf 81' lang='lat' dir='ltr'>illu</span> <span class='ocrx_word' id='word_1_134' title='bbox 269 2509 374 2572; x_wconf 77' lang='lat' dir='ltr'>voleus</span> <span class='ocrx_word' id='word_1_135' title='bbox 385 2513 496 2575; x_wconf 87' lang='lat' dir='ltr'>iterum</span> <span class='ocrx_word' id='word_1_136' title='bbox 507 2537 646 2602; x_wconf 84' lang='lat' dir='ltr'>surgere,</span> <span class='ocrx_word' id='word_1_137' title='bbox 657 2517 705 2578; x_wconf 83' lang='lat' dir='ltr'>bis</span> <span class='ocrx_word' id='word_1_138' title='bbox 718 2517 836 2580; x_wconf 80' lang='lat' dir='ltr'>cecidit.</span> 
     </span>
     <span class='ocr_line' id='line_1_24' title="bbox 159 2602 1040 2692; baseline 0.015 -28"><span class='ocrx_word' id='word_1_139' title='bbox 159 2602 284 2666; x_wconf 85' lang='lat' dir='ltr'>Mecum</span> <span class='ocrx_word' id='word_1_140' title='bbox 310 2606 420 2685; x_wconf 86' lang='lat' dir='ltr'>uritur,</span> <span class='ocrx_word' id='word_1_141' title='bbox 439 2630 560 2672; x_wconf 87' lang='lat' dir='ltr'>mecum</span> <span class='ocrx_word' id='word_1_142' title='bbox 585 2612 731 2689; x_wconf 88' lang='lat' dir='ltr'>moritur,</span> <span class='ocrx_word' id='word_1_143' title='bbox 746 2633 932 2692; x_wconf 81' lang='lat' dir='ltr'>mecumque</span> <span class='ocrx_word' id='word_1_144' title='bbox 950 2607 1040 2692; x_wconf 74' lang='lat' dir='ltr'>sepul·</span> 
     </span>
     <span class='ocr_line' id='line_1_25' title="bbox 325 2727 411 2770; baseline -0.047 0"><span class='ocrx_word' id='word_1_145' title='bbox 325 2727 411 2770; x_wconf 85' lang='lat' dir='ltr'>crum</span> 
     </span>
     <span class='ocr_line' id='line_1_26' title="bbox 200 2799 810 2877; baseline 0.002 -17"><span class='ocrx_word' id='word_1_146' title='bbox 200 2802 313 2877; x_wconf 77' lang='lat' dir='ltr'>Intrat,</span> <span class='ocrx_word' id='word_1_147' title='bbox 328 2814 359 2861; x_wconf 87' lang='lat' dir='ltr'>et</span> <span class='ocrx_word' id='word_1_148' title='bbox 369 2799 480 2862; x_wconf 85' lang='lat' dir='ltr'>inserui</span> <span class='ocrx_word' id='word_1_149' title='bbox 493 2803 621 2863; x_wconf 80' lang='lat' dir='ltr'>carceris</span> <span class='ocrx_word' id='word_1_150' title='bbox 634 2802 695 2862; x_wconf 79' lang='lat' dir='ltr'>ima</span> <span class='ocrx_word' id='word_1_151' title='bbox 709 2801 810 2876; x_wconf 81' lang='lat' dir='ltr'>subit,</span> 
     </span>
     <span class='ocr_line' id='line_1_27' title="bbox 161 2894 890 2977; baseline -0.003 -21"><span class='ocrx_word' id='word_1_152' title='bbox 161 2894 235 2976; x_wconf 85' lang='lat' dir='ltr'>Quo</span> <span class='ocrx_word' id='word_1_153' title='bbox 247 2915 303 2955; x_wconf 89' lang='lat' dir='ltr'>uos</span> <span class='ocrx_word' id='word_1_154' title='bbox 313 2895 484 2977; x_wconf 76' lang='lat' dir='ltr'>praecipites</span> <span class='ocrx_word' id='word_1_155' title='bbox 497 2895 600 2957; x_wconf 75' lang='lat' dir='ltr'>insana</span> <span class='ocrx_word' id='word_1_156' title='bbox 612 2895 753 2977; x_wconf 82' lang='lat' dir='ltr'>superbia</span> <span class='ocrx_word' id='word_1_157' title='bbox 763 2895 890 2970; x_wconf 87' lang='lat' dir='ltr'>mersit,</span> 
     </span>
     <span class='ocr_line' id='line_1_28' title="bbox 200 2987 765 3066; baseline -0.002 -15"><span class='ocrx_word' id='word_1_158' title='bbox 200 2987 310 3051; x_wconf 71' lang='lat' dir='ltr'>Exutas</span> <span class='ocrx_word' id='word_1_159' title='bbox 322 2989 429 3066; x_wconf 84' lang='lat' dir='ltr'>dunis,</span> <span class='ocrx_word' id='word_1_160' title='bbox 444 3003 475 3052; x_wconf 87' lang='lat' dir='ltr'>et</span> <span class='ocrx_word' id='word_1_161' title='bbox 485 2991 617 3054; x_wconf 77' lang='lat' dir='ltr'>tumidas</span> <span class='ocrx_word' id='word_1_162' title='bbox 629 2989 765 3051; x_wconf 84' lang='lat' dir='ltr'>meritis?</span> 
     </span>
     <span class='ocr_line' id='line_1_29' title="bbox 160 3059 1042 3168; baseline -0.002 -24"><span class='ocrx_word' id='word_1_163' title='bbox 160 3083 244 3144; x_wconf 81' lang='lat' dir='ltr'>Nam</span> <span class='ocrx_word' id='word_1_164' title='bbox 259 3081 413 3145; x_wconf 73' lang='lat' dir='ltr'>Christum</span> <span class='ocrx_word' id='word_1_165' title='bbox 428 3086 539 3164; x_wconf 79' lang='lat' dir='ltr'>pietate</span> <span class='ocrx_word' id='word_1_166' title='bbox 553 3105 683 3168; x_wconf 87' lang='lat' dir='ltr'>operum</span> <span class='ocrx_word' id='word_1_167' title='bbox 700 3097 729 3144; x_wconf 88' lang='lat' dir='ltr'>et</span> <span class='ocrx_word' id='word_1_168' title='bbox 741 3084 904 3161; x_wconf 78' lang='lat' dir='ltr'>mercede,</span> <span class='ocrx_word' id='word_1_169' title='bbox 917 3059 1042 3148; x_wconf 69' lang='lat' dir='ltr'>volentes</span> 
     </span>
    </p>
   </div>
   <div class='ocr_carea' id='block_1_5' title="bbox 0 0 1079 3846">
    <p class='ocr_par' dir='ltr' id='par_1_7' title="bbox 0 0 1079 3846">
     <span class='ocr_line' id='line_1_30' title="bbox 0 0 1079 3846; baseline 0 0"><span class='ocrx_word' id='word_1_170' title='bbox 0 0 1079 3846; x_wconf 95' lang='lat' dir='ltr'> </span> 
     </span>
    </p>
   </div>
  </div>
 </body>
</html>
