2106 3846
10 364 93 424 ·¹7·
241 351 649 406 clementinis
745 379 748 384 -
831 346 886 418 241

8 457 46 490 '-
62 485 66 491 ·
83 455 204 529 videns,
215 453 288 514 dixit
298 471 330 513 ¹se
340 473 406 522 ¹non
418 454 599 531 honredere,
614 469 642 516 et
654 456 721 518 illos

0 559 13 607 t
25 550 152 612 smnari
166 549 271 631 dignos
283 567 412 628 quorum
424 569 508 608 mons
522 550 576 610 istu
588 563 714 612 teneret.
797 601 799 608 ,

0 650 16 701 t
30 666 73 706 uo
87 643 189 706 cernis
200 663 271 704 cum
283 641 431 724 judicibus
444 644 653 706 damnantibus
665 646 719 706 istu

0 761 1 782 ¹
24 738 203 800 onsensisse
215 757 301 798 reum
316 779 326 812 ,
349 758 405 800 nec
415 759 599 818 quemquam
608 739 675 818 haec
687 759 774 821 posse
786 742 864 802 tueri
879 767 887 803 ε

3 838 16 887 t
30 855 79 894 uae
93 846 199 893 tamen
211 832 276 912 ipse
289 830 349 891 suis
360 852 477 892 rursum
492 831 653 894 excoluisse
662 832 776 895 libellis
866 835 868 846 ’

5 933 15 981 t
29 927 183 1009 etegitur‚
196 925 361 1006 reprobum
375 926 407 984 in
418 945 538 986 sensum
549 924 680 989 sallendo
690 933 836 990 reversus.

41 1019 73 1080 N
78 1042 140 1082 unc
151 1020 241 1103 igitur
251 1019 396 1098 quonium
407 1019 480 1098 quid
493 1021 603 1081 nostris
609 1017 815 1102 displicuisset

6 1115 21 1167 0
34 1127 174 1174 stensum
187 1127 249 1188 est,
265 1133 356 1192 quam
369 1133 439 1174 setta
450 1114 522 1174 fides
532 1115 570 1174 sit
581 1127 681 1196 ‘restra'
691 1128 830 1195 patescat.

44 1205 155 1266 Gratia
168 1225 228 1284 que
244 1205 356 1266 Christi
372 1207 501 1285 populus
513 1227 629 1280 sumus,
644 1208 702 1268 hoc
713 1209 870 1269 cohibetur

30 1299 120 1360 imite
132 1299 307 1374 vobiscum,
321 1311 351 1358 et
364 1299 494 1358 formum
504 1299 584 1360 *hane
597 1300 820 1376 amabimini,

34 1407 46 1452 t
61 1407 190 1454 cunmoe
200 1405 288 1454 vocet
299 1392 351 1452 illu
365 1394 486 1470 quidem
501 1393 662 1474 invitetque
677 1417 684 1455 :
698 1415 755 1457 nec
766 1395 861 1456 ullum

10 1486 187 1547 reeteriens
197 1487 311 1548 studeat
321 1507 515 1548 communem
524 1488 635 1548 efferre
645 1489 770 1550 salutem
853 1559 856 1570 ‚

8 1582 22 1630 ⁸
35 1580 185 1654 mnibus,
199 1593 227 1642 et
241 1593 337 1640 totum
351 1592 474 1660 peccato
487 1580 640 1644 absolvere
653 1585 809 1644 mundum.

1 1672 61 1734 Sed
76 1673 212 1756 proprio
226 1693 376 1752 quemque
387 1675 512 1734 arbitrio
525 1693 632 1755 parere
645 1679 782 1752 vocanti,

1 1767 22 1824 J
24 1768 194 1845 udicioqne
207 1785 260 1826 suo
273 1778 356 1827 mota
369 1768 684 1829 seextenderemente

4 1861 49 1920 Ad
62 1859 170 1921 lucem
184 1859 314 1918 oblatam
324 1866 334 1932 ‚‘
343 1881 408 1937 quse
419 1880 449 1920 se
464 1862 689 1923 non‘subtrahut
700 1863 774 1936 ulli,

6 1951 66 2013 Sed
78 1954 213 2034 cupidos
225 1953 299 2013 recti
310 1954 405 2034 juvet,
416 1953 751 2033 illustretquevolentes.

10 2047 93 2109 ilinc
106 2049 252 2129 adjutoris
265 2047 394 2107 Domini
408 2048 541 2110 bonitate
551 2049 691 2140 magistra
750 2082 753 2089 ·

9 2140 159 2204 Crescere
175 2142 316 2202 virtutum
331 2143 444 2218 studia,
456 2155 489 2201 ut
501 2144 582 2220 quod
598 2143 722 2222 quisque
733 2142 896 2222 petendum
911 2162 915 2168 ·

7 2235 164 2296 lllandatis
176 2236 295 2310 didicit,
308 2236 368 2319 jugi
381 2249 508 2297 sectetur
523 2256 637 2297 umore.

7 2329 81 2390 Esse
92 2343 197 2390 autem
211 2331 324 2392 edoctis
335 2332 422 2390 istem
435 2330 638 2391 communiter
649 2349 765 2409 sequent

7 2423 199 2486 Libertatem
212 2425 338 2500 animis,
355 2438 386 2485 ut
397 2445 516 2486 cursum
530 2424 649 2505 explere
663 2425 783 2484 beatum
850 2447 854 2456 ·

7 2516 204 2579 persistendo
215 2532 325 2598 queunt
338 2542 345 2576 :
359 2519 471 2591 finem,
486 2519 684 2596 effectumque
697 2517 825 2597 petitum

6 2611 113 2673 Dante
125 2611 217 2688 Deo,
231 2613 357 2694 ingeniis
371 2612 422 2691 qui
435 2595 588 2691 nunquam
601 2612 676 2672 desit
686 2611 828 2671 honestis.

6 2705 66 2767 Sed
79 2705 156 2786 quia
169 2726 231 2764 uon
243 2707 380 2766 idemest
394 2707 508 2786 cunctis·
518 2707 620 2790 vigor,
636 2718 666 2765 et
678 2705 829 2764 variarum

6 2799 169 2863 illecebris
182 2820 283 2859 rerum
296 2800 422 2860 trahitur
432 2800 564 2880 dispersa
576 2800 711 2861 voluntas
726 2820 733 2856 z
821 2803 824 2808 '

7 2891 131 2976 Sponte
139 2893 257 2972 aliquos
269 2894 348 2954 vitiis
361 2892 555 2956 succumbere
569 2893 619 2972 qui
627 2892 799 2972 potuissent

5 2987 137 3070 dlspsu
151 3007 293 3048 revocare
307 2989 438 3068 pedem,
451 2986 628 3066 stabilesque
643 3006 775 3046 manere.

44 3084 129 3144 Jurtt'
140 3081 214 3160 quia
226 3083 418 3157 summatim,
434 3095 465 3141 ut
479 3080 595 3160 potuit,
611 3080 756 3140 sententia
769 3089 864 3140 restra

9 3173 149 3239 Decurre
165 3187 222 3235 est:
237 3173 298 3236 Die
311 3176 389 3262 unde
401 3174 511 3256 probes
522 3174 604 3254 quod
619 3171 723 3233 Gratia
738 3169 851 3232 Christi

174 3279 184 3296 “
710 3286 757 3324 21.
