2172 3862
139 385 202 474 mfi
409 399 736 453 nnnconrn
914 391 1027 464 uma

139 493 301 575 Accipiunt
312 505 470 576 augmenta
482 493 563 569 dics,
578 505 740 574 unamque
752 491 883 554 vicissim
895 539 904 569 ‚

148 660 153 664 ,
179 587 331 648 Amittunt
345 608 445 648 cursus
460 601 584 670 perpete
599 587 662 670 lege
677 586 752 668 poli.

138 679 295 764 Tempora
308 678 517 755 mutilorum,
530 682 639 742 retinet
650 700 701 741 sna
714 694 854 762 tempora
869 683 995 758 messis,

180 773 318 857 Tempus
326 788 354 836 et
364 787 541 838 autumnum
550 820 560 851 ‚
570 787 689 855 tempus
701 775 790 836 habet
797 775 922 837 hiemes.

139 867 222 946 Ver,
236 882 337 944 aestas,
350 883 509 931 autumnus
518 915 528 945 ,
537 869 653 945 biems,
664 869 742 930 redit
753 889 847 930 annus
856 871 889 930 in
899 891 1028 948 mutam,

181 961 321 1043 Quatuor
334 963 480 1025 alternant
493 975 631 1044 tempora
643 963 841 1045 temporibus.

141 1053 258 1118 Omnia
270 1078 338 1120 cum
352 1057 493 1131 redeant,
507 1057 626 1118 homini
638 1077 690 1117 sua
701 1077 763 1118 non
777 1057 853 1117 redit
863 1071 954 1136 aetas,

182 1149 244 1211 Sed
257 1149 427 1220 velut-acris
438 1150 517 1226 avis,
532 1151 575 1212 sic
588 1135 709 1234 fugitiva
720 1148 808 1212 volat.

139 1241 296 1324 Tempora
305 1256 372 1304 suut
386 1244 486 1326 pacis,
501 1244 548 1305 vel
561 1257 701 1326 tempora
714 1257 794 1306 certa
803 1245 937 1322 cruoris,

158 1369 162 1374 ·
182 1337 257 1398 Otia
268 1338 527 1418 tempuslrabent,
543 1337 718 1418 militiaeque
729 1338 825 1399 labor.

139 1431 295 1514 Tempora
307 1423 473 1517 gaudendi,
486 1447 554 1494 sunt
569 1447 707 1514 tempora
718 1446 798 1495 certa
812 1431 957 1507 dolendi,

179 1527 335 1609 Tempora
350 1530 420 1589 dant
433 1528 570 1605 lucrum,
583 1541 722 1610 tempora
733 1529 843 1589 damna
856 1528 969 1588 ierunt.

141 1619 257 1682 Nubila
270 1635 389 1704 tempus
399 1622 526 1699 habent,
539 1635 568 1684 ct
579 1636 717 1705 tempora
730 1637 812 1686 certa
822 1643 966 1686 serenum
980 1646 988 1684 :

178 1715 334 1797 Tempora
347 1709 465 1780 servare
476 1719 559 1800 jussit
572 1718 677 1798 etipse
689 1717 783 1780 Deus.

139 1809 258 1874 Horam
272 1809 405 1890 quaesivit
418 1811 531 1875 faciens
545 1811 689 1873 miracula
705 1809 867 1886 Christus,

182 1905 303 1975 Horam
317 1905 557 1987 speravitpassio
572 1918 672 1968 sancta
685 1905 789 1967 crucis.
903 1909 906 1916 '

144 1999 207 2063 Cur
218 2000 354 2062 irascaris
367 2000 461 2076 mihi,
476 2022 529 2062 cur
540 2001 583 2063 sic
594 2002 712 2084 dignior'
726 2001 770 2060 ira

184 2094 262 2155 Tam
277 2095 378 2177 magni
393 2097 468 2178 regis
480 2095 595 2177 judicer
608 2117 670 2156 esse
683 2096 751 2155 tna?

142 2191 274 2272 Quando
288 2213 343 2272 per
355 2191 489 2252 aetherias
502 2190 601 2271 aquila
614 2189 757 2251 volitante
770 2184 891 2266 rapinas

181 2285 306 2357 Praeda,
319 2285 461 2366 cibusque
473 2286 528 2349 suit
540 2306 641 2367 passer
653 2328 661 2358 ‚
673 2277 805 2345 hirundo
819 2323 829 2355 ‚
841 2279 954 2360 picus?
1080 2287 1081 2341 l

143 2379 274 2462 Quando
286 2380 380 2440 fames
390 2381 486 2440 rabidi
500 2379 634 2460 quamvis
647 2381 747 2462 jejuna
761 2376 876 2449 leonis,

148 2509 150 2517 ι
184 2474 230 2535 Ut
242 2474 298 2548 sit,
311 2475 482 2554 adoptavit,
497 2474 630 2535 saucibus
642 2491 707 2534 esca
720 2469 826 2552 lepus?

141 2569 277 2632 Devorat
287 2567 420 2650 egregios
432 2568 543 2650 ingenti
556 2587 685 2649 corpore
700 2580 818 2635 tauros,

179 2661 220 2722 Et
233 2661 351 2742 rapiunt
365 2660 471 2739 aquilae
482 2662 607 2722 nebrida
622 2660 759 2720 membra
771 2657 875 2738 pedes.

139 2757 202 2817 Dat
217 2755 311 2818 semel
326 2754 416 2814 iratus
430 2754 547 2815 veniam
560 2767 628 2836 post
639 2753 761 2814 vulnera
775 2749 903 2831 pardus,

182 2851 250 2911 Nec
264 2851 387 2911 reduces
403 2851 576 2934 morsus-dat
587 2849 705 2909 feritate
721 2836 785 2928 pia.

141 2942 280 3024 Despicit
292 2945 377 3006 irasci
392 2945 561 3024 pastoribus
575 2946 691 3026 optima
704 2941 787 3024 tigris
801 2989 807 3012 ,

183 3037 322 3118 Despicit
336 3052 364 3098 et
378 3038 472 3120 talpas
485 3037 642 3100 flammeus
657 3059 710 3100 ore
725 3037 828 3097 draco.

140 3117 283 3190 Fulmina
291 3149 358 3206 „non
369 3131 479 3193 feriunt
493 3133 640 3214 reptantia
652 3130 787 3215 gramina
799 3125 905 3200 terris,
