2172 3862
42 325 138 405 v.l7.
266 338 714 394 censuerunt.
779 357 783 367 ·
869 330 930 404 465

44 430 97 492 llli
110 430 242 511 quippe,
256 429 349 513 magis
361 431 412 510 qui
423 431 562 512 proditur
571 432 683 514 impius
693 433 725 493 in
736 455 789 510 se,
911 443 915 450 '

41 522 86 584 Et
101 521 158 584 sibi
170 567 179 598 ,
191 521 239 583 vel
250 525 365 586 cunctis
376 525 480 586 solatia
490 539 550 586 tota
563 527 698 608 negarit?
781 574 783 582 .

46 617 79 678 N
84 637 119 678 os
132 616 269 697 exempla
278 607 388 681 docent
401 620 532 680 damnati
544 615 664 696 divitis,
679 621 785 702 ingens

43 707 202 790 Pauperis¹
209 723 238 770 et
251 711 389 789 requies,
405 713 456 791 qui
471 726 538 794 post
551 733 603 774 sna
615 713 751 783 membra
763 713 867 776 beatus

42 802 177 864 Abrahae
189 815 328 885 portante
342 805 564 887 sinu‘persecla
579 805 713 885 quiescit.
858 821 860 826 '

40 895 159 957 Divitis
173 897 307 985 exstincti
320 911 473 960 tormenta
490 913 638 981 exspectat
651 911 783 982 egestas,
831 926 841 931 ·

43 988 243 1070 immitesque
254 990 316 1052 vias
326 992 440 1054 alterna
451 1007 532 1054 sorte
546 993 694 1074 rependit.

47 1082 154 1143 Serica
175 1103 265 1162 qoem
286 1086 403 1172 tennis,
417 1107 508 1167 quern
517 1087 623 1147 mollia
635 1085 703 1162 lina·
715 1086 901 1170 gravabant,

15 1221 18 1231 .
51 1175 118 1256 Qui
134 1175 354 1252 soletaestirum
368 1181 514 1241 membris
527 1181 822 1242 sudantibnsostrum
867 1213 870 1230 ·

48 1268 207 1346 Poscere,
222 1272 359 1353 deposito
371 1273 538 1336 confractus
552 1274 667 1336 murice
681 1274 791 1348 denso,

52 1361 148 1452 Cujus
162 1377 191 1424 et
199 1364 231 1424 io
240 1365 338 1448 digitis
351 1386 417 1451 non
422 1369 498 1428 sedit
512 1367 636 1430 crassius
648 1386 755 1428 aurum
769 1360 797 1442 ,²

49 1456 91 1519 Et
103 1458 295 1541 licetlexignae
306 1480 369 1523 non
380 1461 473 1522 ferret
483 1463 618 1544 pondera
633 1481 781 1544 gemmae,
840 1504 846 1510 -

48 1551 135 1613 Inter
145 1551 316 1614 anhelantes
328 1565 480 1616 tormenta
489 1552 756 1627 ultriciallammas

51 1644 246 1728 Supplicium
256 1648 376 1710 crudele
386 1649 471 1710 luens
481 1663 617 1712 exaestuat
628 1650 753 1722 ardens,
795 1713 798 1718 ,

51 1739 92 1800 Et
102 1739 232 1816 tolerat,
248 1741 404 1823 poscitque
416 1763 543 1828 rogans,
559 1744 683 1804 ardente
691 1739 811 1823 palato,

53 1830 96 1894 Ut
108 1831 241 1918 gelidum
253 1833 345 1917 digito
359 1849 510 1912 mereatur
518 1835 617 1918 lingua
629 1835 792 1913 liquorem.

41 1923 115 1988 'Sed
129 1938 216 2010 negat
226 1927 432 1992 hocimmane
445 1929 534 1990 chaos
544 1970 553 2001 ,
563 1925 689 1988 crudele
700 1925 886 2006 profundum

53 2013 175 2082 Dividit
191 2018 270 2080 inter
279 2039 369 2101 aquas
383 2065 393 2098 ,
412 2033 441 2082 et
456 2040 530 2082 sarva
544 2019 683 2082 incendia
694 2019 816 2093 mortis,
834 2036 837 2042 ’

58 2111 139 2192 Quae
151 2113 216 2172 sine
230 2113 290 2174 line
306 2128 452 2190 manent,
466 2127 495 2175 et
504 2127 581 2176 stant
592 2115 648 2176 sub
659 2126 784 2196 perpetp
798 2131 881 2172 nem.

55 2205 96 2266 Et
109 2206 202 2267 miser
215 2205 275 2284 hic,
289 2209 342 2288 qui
352 2210 434 2272 dives
446 2222 524 2286 erat,
534 2228 596 2269 non
604 2208 675 2270 vixit
696 2219 833 2290 egenter,

56 2297 199 2373 Vestibus
212 2301 332 2362 indotos
343 2303 428 2386 tyriis
439 2302 586 2385 processit
599 2346 608 2378 ,
621 2314 650 2363 et
662 2313 763 2376 ostro,

52 2391 188 2456 Delicias
196 2396 332 2456 convexit
344 2398 435 2474 edax,
449 2418 517 2460 reus
527 2397 597 2458 inde
608 2409 748 2472 vocatus,

54 2483 244 2567 Pauperibus
255 2487 374 2550 miseris
383 2493 464 2571 qnod
472 2503 537 2552 trux
548 2491 691 2552 alimenta
704 2489 840 2574 negabat.

55 2577 140 2641 Nam
148 2579 205 2641 sibi
216 2581 298 2643 dives
306 2584 509 2669 eratdapibus
519 2584 647 2647 conviva
657 2584 797 2666 repletus.

56 2672 88 2736 Si
98 2673 174 2735 tales
186 2676 328 2736 damnare
339 2676 424 2739 dccet
434 2679 489 2738 sub
503 2690 628 2759 perpete
645 2697 752 2758 poena,

57 2767 122 2848 Qui
132 2767 191 2828 sihi
206 2812 216 2845 ,
230 2788 292 2829 nou
306 2769 371 2829 aliis
385 2771 544 2852 proprium
559 2769 722 2830 defundere
736 2781 857 2844 curant,

56 2860 143 2941 Quid
155 2881 292 2944 passurus
304 2863 378 2938 erit,
391 2863 441 2941 qui
457 2883 512 2924 nec
524 2861 581 2922 sibi
596 2861 733 2943 praestitit
744 2881 895 2942 unquam,

53 2955 116 3018 Aut
128 2955 179 3035 qui
192 2955 289 3016 aliena
305 2956 382 3038 rapit
395 2956 497 3037 praedo
511 2955 689 3018 temerarius
701 2955 814 3030 audax,

57 3046 153 3133 Cujus
165 3050 242 3137 lacta
251 3069 373 3132 gemens
384 3048 497 3132 plangit
512 3047 654 3132 spoliatus
664 3048 796 3132 egenus?

59 3142 103 3205 lli
115 3165 186 3207 nani
198 3155 285 3221 sunt,
297 3164 372 3225 quos
383 3141 447 3206 sola
459 3144 561 3226 juvant
573 3141 712 3205 convivia
724 3142 853 3225 praedae,

777 3235 818 3309 40
