2126 3848
151 301 211 366 ²90
418 279 785 338 D.PROSPER1

147 388 267 467 Perque
279 381 414 446 habitum
425 380 504 444 servi
517 390 654 443 vacuaret
665 379 732 461 jura
745 377 870 463 tyranni
884 419 894 451 ‚

191 478 233 540 Et
243 477 358 541 lethum
369 475 449 538 letho
462 475 597 538 vinceret
608 473 762 536 immerito
776 493 785 544 ς

155 574 237 636 Hine
246 573 372 635 verbnm
384 570 467 634 sarni
480 570 647 646 insertum,
661 585 847 646 carnemque
861 578 1030 647 receptans

196 667 265 730 Nec
278 687 309 728 se
323 665 478 729 confundit
492 683 642 744 corpore,
656 683 713 724 nee
722 661 881 744 geminat:

154 759 206 824 sic
217 774 353 822 naturam
366 758 499 820 hominis
511 757 619 820 virtute
633 767 758 840 augente
770 773 926 837 superna,

194 854 282 916 Esset
294 867 325 915 ut
338 855 370 915 in
383 845 455 915 ve'ro
470 851 584 912 lumine
597 850 702 912 lumen
714 851 810 910 homo
824 871 832 922 3

155 949 219 1030 Qui
231 948 308 1010 vires
322 946 428 1008 mortis
439 967 496 1027 per
508 945 575 1008 vilse
585 945 741 1006 absorbuit
754 943 900 1006 haustum

192 1042 318 1107 Factum
328 1053 374 1104 est
385 1053 548 1116 aeternum,
564 1041 646 1120 quod
661 1040 717 1101 suit
730 1040 911 1102 occiduum.

156 1137 301 1218 Quisquis
314 1135 441 1200 oonsilio
454 1148 568 1196 esterno
582 1135 733 1196 contraria
745 1132 857 1207 sentis,

193 1229 235 1292 Er
248 1232 373 1295 verbum
386 1231 417 1290 in
428 1242 530 1291 nostra
543 1248 633 1290 carne
645 1248 770 1288 manere
782 1246 901 1310 negas,

45 1381 48 1390 Δ
154 1325 277 1388 Divinae
288 1326 409 1408 pietatis,
420 1344 496 1405 opus
508 1323 671 1386 dissolvere
686 1322 815 1402 quaeris,

196 1417 320 1500 Speque
331 1439 384 1480 sua
395 1420 541 1482 mundum
553 1417 718 1499 dispoliare
732 1415 828 1497 cupis.

153 1512 237 1575 Nam
249 1514 315 1594 quis
325 1527 450 1576 ventura
463 1531 648 1592 quemquam
660 1510 785 1573 salvabit
795 1510 835 1570 ab
846 1511 898 1572 ira
910 1512 924 1572 i

133 1667 137 1677 ,
195 1606 309 1686 Quisve
323 1593 456 1668 hominis
469 1607 562 1686 primi
574 1605 702 1666 erimine
715 1604 794 1665 liber
809 1603 869 1664 erit
883 1607 898 1666 d

155 1699 191 1763 si
203 1701 296 1762 ocius
309 1701 393 1762 verbi
407 1719 470 1762 non
481 1709 591 1760 nostrae
605 1712 648 1759 est
659 1699 747 1758 insita
760 1699 866 1774 carni,

193 1795 256 1856 Aut
270 1793 406 1858 Christus
419 1791 485 1854 falsi
498 1793 636 1872 eorporis
648 1790 757 1852 umbra
768 1791 843 1866 fuit,

157 1889 237 1970 Quis
248 1890 364 1974 genitus
375 1908 451 1970 puer
464 1898 508 1947 est
520 1885 639 1946 intaerae
650 1884 772 1968 virginis
782 1884 874 1962 advo,

124 2057 127 2064 Δ
199 1983 279 2064 Quae
290 1996 395 2046 natura
414 1981 499 2042 annis
512 1979 623 2054 erevit,
636 1990 666 2040 et
677 1977 873 2054 anctaeibis,

156 2077 193 2140 ln
206 2098 264 2159 qua
278 2077 364 2160 prole
378 2089 495 2158 patrem
509 2072 615 2159 mundi
626 2091 658 2132 se
672 2072 958 2151 credundum,

198 2170 315 2250 Quaeve
328 2173 395 2253 ejus
404 2161 493 2251 stirps
508 2179 553 2228 est
563 2167 667 2226 omnia
678 2166 882 2237 sanctificansz
913 2199 920 2212 =

160 2264 255 2344 Quod
266 2264 363 2347 regaie
373 2283 485 2347 genus,
498 2261 588 2324 simul
601 2272 659 2334 est,
675 2273 705 2319 et
718 2259 906 2339 pontificaie;

201 2357 316 2436 Quisve
330 2359 412 2418 idem
425 2355 528 2418 David
541 2353 636 2429 filius,
650 2365 680 2414 et
693 2351 872 2414 Dominus?

159 2449 278 2513 Peccati
291 2449 383 2512 servis
394 2463 424 2510 et
437 2450 543 2512 mortis
556 2448 704 2529 compede
717 2447 824 2509 vinctis

198 2541 303 2604 Unam
317 2554 360 2604 est
371 2544 505 2625 dignatus
518 2543 598 2603 serre
612 2542 787 2622 redemptor
800 2561 915 2622 opem,

164 2637 230 2718 Qui
242 2637 466 2722 nostri-generis
477 2655 603 2698 earnem
616 2655 685 2698 com
698 2646 798 2695 morte
810 2647 972 2717 receptans

199 2733 330 2812 Nostra,
343 2732 438 2808 hosti,
452 2743 485 2794 ut
497 2731 586 2792 nobis
598 2727 751 2803 vinceret,
765 2730 925 2811 opposuit.
1058 2799 1059 2808 ἦ

153 2827 202 2890 Ει
212 2847 301 2890 carno
311 2841 396 2893 exuta
408 2826 615 2890 dominantem
625 2823 754 2906 percolit
764 2823 907 2900 hostem,

200 2920 247 2980 Ut
260 2935 379 3004 caperet
393 2921 641 3004 palmam‘praeda
653 2932 766 2984 vetusta
778 2937 902 2982 novam.

76 3099 80 3107 ’
163 3107 258 3172 Recta
271 3110 392 3188 volens,
406 3111 523 3172 animus
536 3103 670 3191 sapiens,
685 3121 715 3170 et
726 3121 844 3170 amator
855 3108 985 3184 honesti,
