2142 3858
1 307 160 372 ruas.
264 317 518 404 arsionum
551 308 635 374 cin.
670 320 711 374 11.
787 305 903 400 5391

7 415 169 476 Pandere
184 411 244 474 risa
256 411 374 486 solum,
388 415 469 490 quod
480 415 608 495 praebuit
619 416 740 498 hospita.
748 422 845 484 nautis

7 507 150 569 Sicanio
166 505 254 564 lateri
267 504 359 565 remis
371 501 471 567 vicina
484 505 600 568 Melite.

6 602 100 661 Ante
115 611 223 658 tamen
235 597 453 676 rabidosquam
466 600 586 660 'vincant
596 600 724 678 aequoris
735 617 839 681 aestus,

11 691 165 764 Solvite,
181 687 344 770 proclamat
357 687 483 764 Paulus,
496 691 607 773 jejunia
618 691 695 752 fessi.

16 785 64 846 Ex
80 794 200 864 quarto
213 782 346 858 decimo,
358 782 434 844 sicut
445 802 501 843 nos
512 783 675 858 vescimur,
691 782 805 866 inquit,
822 855 825 866 ¹

14 879 95 939 Jam
109 894 229 965 panem
239 885 350 956 gustate
361 875 420 936 die.
442 873 643 937 Memoranda
656 877 756 960 figurae

14 970 227 1033 Sacramenta
236 967 294 1047 piae
304 967 439 1040 valeant,
453 964 510 1048 qua
523 969 586 1051 lege
598 969 774 1050 probemus.

13 1064 189 1143 Tempore
200 1080 259 1139 quo
272 1061 365 1140 primi
377 1060 521 1122 fulserunt
534 1062 647 1122 lumina
660 1065 786 1142 mensis,

19 1158 101 1218 Hoc
115 1173 247 1214 numero
260 1166 398 1214 currente
412 1153 476 1229 die,
491 1154 528 1214 de
540 1147 678 1215 carnibus
691 1157 758 1236 agui
831 1232 834 1237 .

19 1250 136 1311 Turba
146 1247 266 1328 jubetur
278 1245 337 1321 ali,
351 1266 478 1325 quarum
493 1246 661 1306 munimine
670 1259 767 1324 tacto,

22 1343 146 1404 Libera
160 1339 280 1399 niliacas
294 1340 402 1400 meruit
416 1338 510 1398 vitare
520 1338 665 1404 tenebras.

25 1437 120 1497 Hinc
133 1433 231 1514 spatio
242 1431 335 1492 simili
348 1429 458 1492 Paulus
471 1432 508 1491 de
519 1430 631 1513 gurgite
642 1431 745 1490 mundi
758 1475 768 1507 ,
781 1469 782 1472 =

27 1529 126 1608 Quos
135 1525 254 1587 auferre
268 1525 366 1606 cupit,
380 1544 481 1586 secum
497 1523 655 1585 convivere
669 1525 787 1601 suadet,

27 1621 70 1683 Et
82 1639 208 1682 sacmm
220 1618 314 1685 libare
326 1617 427 1679 cibum
438 1659 448 1690 ‚
461 1616 582 1700 vestigia
595 1613 676 1676 Mosi

30 1713 214 1783 Observata·
221 1709 337 1792 legens,
352 1727 480 1788 quorum
492 1709 714 1789 speculantibus
727 1723 826 1774 actum

28 1805 114 1867 Haec
126 1804 188 1864 duo
197 1814 265 1862 sunt
275 1803 392 1863 diversa
401 1800 492 1863 locis:
502 1802 554 1861 sed
567 1802 705 1881 proxima
717 1805 832 1880 causis,
889 1819 897 1832 ·

29 1899 76 1960 Et
85 1895 216 1978 repetita
226 1894 302 1963 salus
315 1914 376 1957 uno
389 1894 426 1954 dc
440 1893 523 1958 fonte
536 1891 658 1960 levatur.

32 1993 143 2074 Agnus
159 1985 295 2056 Christus
305 1987 400 2059 inest,
413 1987 499 2068 panis
511 2004 629 2063 quoque
644 1981 779 2050 Christus
790 1986 878 2052 habnt

33 2083 91 2144 De
101 2080 177 2144 coelo
189 2122 198 2155 ,
211 2081 292 2158 quod
305 2091 334 2140 et
347 2079 410 2160 ipse
422 2080 525 2153 docet,
534 2076 585 2156 qui
599 2095 728 2164 corpure
741 2076 848 2140 Jesnm

39 2171 214 2254 sumpserit
225 2172 309 2234 hoste
322 2183 419 2246 caret,
433 2172 616 2254 necjamsua
626 2170 692 2250 jura
706 2166 836 2246 Pharao,

39 2263 257 2348 Egyptusque
268 2275 363 2324 tenet:
378 2281 449 2324 mox
460 2262 563 2325 omnia
575 2261 719 2321 daemonis
730 2280 813 2322 arma

40 2358 105 2418 His
115 2368 289 2437 merguntur
301 2355 384 2434 aquis
396 2398 405 2430 ‚
416 2354 523 2433 quibus
533 2353 585 2415 itte
593 2353 757 2415 renascitur
765 2355 880 2434 infans,

43 2451 114 2532 Qui
123 2447 256 2529 captivus
269 2461 333 2511 erat
345 2491 354 2522 ,
365 2446 447 2507 salsae
459 2466 578 2525 quoque
586 2444 691 2508 fluctus
704 2446 801 2530 abyssi

43 2542 228 2622 Linquitur,
243 2552 272 2600 et
282 2540 351 2601 tetri
366 2549 543 2618 superantur
555 2549 655 2618 stagna
667 2539 822 2616 draconis,

46 2635 225 2715 Ereptoque
237 2633 317 2716 gregi
329 2631 568 2714 largiturpascua
580 2626 716 2692 Christus
728 2674 738 2705 ‚

47 2725 237 2792 Nominibus
247 2722 399 2806 propriis,
414 2722 576 2804 pastoriam
588 2742 673 2782 verus
687 2724 804 2792 edendi.

51 2818 137 2880 Hinc
150 2818 241 2878 etiarn
253 2816 386 2886 ecclesiae
395 2815 471 2898 gerit
481 2832 570 2874 aurea
581 2812 651 2874 luna
662 2815 787 2897 figuram

53 2906 133 2988 Quae
154 2921 260 2989 quarto
271 2909 390 2972 decimo
401 2908 438 2968 de
451 2906 558 2988 primae
570 2899 717 2987 lampadis
730 2920 798 2974 ortu

55 3001 318 3086 Conspiciturjam
326 3001 415 3083 plena
428 3000 497 3076 die,
511 3021 577 3079 quae
590 3017 608 3070 a
620 2992 748 3081 corpore
760 2999 837 3062 Jesu
947 2999 953 3008 '

56 3093 163 3162 Crevit
176 3095 208 3156 in
221 3096 296 3160 urbe
309 3115 362 3160 suu
374 3137 383 3174 ,
397 3094 497 3157 lucem
506 3092 618 3157 factura
627 3113 802 3176 perennem.
