2172 3862
156 289 218 364 464
424 293 751 350 DntcortTtt
959 313 1045 376 νη.

158 395 314 454 Virtutum
327 388 441 464 virtus,
454 389 612 451 dulcedine
623 389 739 452 dulcior
753 385 843 452 omni
861 434 872 469 ,

158 483 304 548 Lucidior
317 481 402 558 luce,
416 482 465 543 rel
478 482 593 544 lumine
605 482 716 544 clarior
728 483 835 559 omni,

158 577 272 641 Editor
284 577 502 656 omnipotens,
521 577 647 636 sednon
656 589 760 636 tamen
775 577 856 638 edite
869 577 911 638 ab
924 578 1007 656 ullo,

156 671 222 751 Qui
236 669 370 751 placidos
380 667 489 749 pluviis
501 670 553 728 dus
564 669 811 730 descendentibus
825 670 955 733 imbres.

186 763 239 826 Sic
251 773 371 824 anona
385 762 471 822 datur
483 762 597 826 cunctis
608 761 811 838 animantibus
830 784 928 842 esca,

156 855 199 918 Et
209 869 314 916 natura
326 875 434 936 pareus
447 875 503 934 per
514 868 655 936 tempora
669 866 774 917 cuncte
788 856 968 933 ministrat,

156 947 209 1011 Sic
222 948 334 1029 plumis
348 947 471 1008 vestitur
480 948 543 1008 avis
554 991 565 1023 ,
577 948 620 1010 sic
634 947 790 1010 frondibus
801 949 930 1026 berbae,

57 1107 62 1116 ,
133 1117 140 1126 ἡ
157 1041 209 1104 Sic
221 1041 351 1104 colanus
360 1039 471 1101 nutrita
483 1059 566 1122 seges
573 1053 652 1100 stans
661 1053 757 1100 urmst
769 1040 888 1118 aristis,

156 1134 198 1197 Et
209 1134 318 1196 tunicis
330 1132 434 1194 vestita
446 1152 530 1195 ceres
540 1133 678 1216 pubescit
690 1132 799 1194 adulta.

25 1227 29 1240 '
159 1227 213 1292 Sic
223 1228 327 1290 viridis
338 1225 469 1288 florescit
482 1245 552 1308 ager
562 1226 628 1286 sinc
641 1224 756 1285 semine
766 1227 846 1307 jacto
861 1248 868 1284 :

155 1319 298 1384 Creditur
308 1332 461 1398 extorquet
471 1318 526 1378 sub
536 1338 660 1378 vomere
671 1317 756 1378 lenus
770 1329 895 1392 arator,

156 1413 261 1474 Usurs
271 1425 427 1495 praestatur
438 1413 528 1486 edax,
542 1410 706 1472 centesima
718 1411 841 1493 grundis

156 1505 324 1580 Redditur,
342 1525 378 1566 ac
390 1523 498 1584 pareus
514 1504 590 1564 votis
604 1503 752 1566 credentis
766 1502 850 1564 avari

157 1597 292 1658 Debitor
305 1609 425 1678 exoptat
436 1596 598 1656 millesima
609 1596 736 1657 reddere
751 1596 844 1658 lucra.

157 1689 232 1751 Non
247 1700 415 1750 exactorem
428 1689 529 1769 pudor
541 1689 653 1764 inficit,
667 1701 717 1750 aut
731 1688 820 1766 dolor
834 1687 915 1750 ullus

154 1782 256 1845 Allicit
265 1793 399 1844 exectum
414 1805 421 1840 ε
436 1783 587 1842 contrario
598 1795 667 1843 rote
677 1784 808 1842 duorum

157 1873 371 1950 Conveniunt,
383 1874 522 1954 solusque
533 1875 617 1936 dolet
628 1887 765 1956 captator
775 1875 897 1954 iniquus

159 1971 300 2031 Annonae
313 2012 322 2043 ,
338 1968 487 2050 pretiique
496 1987 607 2043 vorax,
622 1968 900 2042 inimicussmiols,

158 2060 313 2124 Omnibus
326 2064 482 2136 adversus,
495 2051 802 2144 populis'insontibus
812 2060 918 2124 house

157 2155 241 2216 Nam
252 2173 305 2214 soa
322 2156 432 2216 damna
442 2167 528 2216 vocat
541 2156 648 2216 mundi
662 2155 843 2237 compendio
855 2155 997 2237 pulchre,

159 2247 216 2308 Nil
228 2248 337 2328 opibus
362 2249 498 2329 propriis
509 2267 685 2328 quacunque
698 2267 733 2308 cx
744 2261 830 2330 porte
844 2248 976 2310 minutis.

156 2339 339 2402 Exstinotam
352 2340 434 2400 dolet
446 2360 509 2402 esse
522 2341 636 2402 lamecu
649 2385 658 2416 ,
674 2342 752 2402 bene
767 2343 850 2402 dives
861 2363 986 2423 egenus,
1068 2399 1069 2418 ,

157 2431 287 2513 Semper
299 2451 403 2492 avaros
414 2427 523 2514 inops,
534 2453 650 2516 pauper
662 2434 718 2495 sub
727 2433 821 2496 divite
836 2455 967 2496 nummo

156 2524 297 2601 AEstuet,
311 2537 340 2584 et
352 2537 451 2585 uictos
462 2525 553 2588 alieni
565 2527 662 2602 ruris,
679 2539 709 2588 et
719 2527 783 2588 euri
795 2571 804 2602 ,

158 2618 180 2679 J
183 2616 283 2682 udicio
296 2616 403 2699 punita
410 2638 467 2678 suo
474 2639 561 2680 mens
573 2641 696 2702 semper
708 2639 795 2682 uvare

156 2711 219 2775 Dat
232 2721 336 2796 poenas
349 2755 358 2788 ,
371 2710 465 2772 animi
480 2733 547 2792 quse
554 2715 658 2775 sedem
671 2715 766 2776 nescit
779 2733 898 2776 amere:

166 2803 278 2890 Diligit
289 2807 456 2884 baercdem,
470 2807 518 2868 cui
530 2821 628 2870 servat
640 2822 746 2872 cuncta
757 2809 863 2872 fidelis.

82 2962 92 2974 ,
156 2951 159 2960 ,
201 2897 270 2961 Nee
280 2901 360 2962 bonu
371 2901 524 2984 presentis
534 2887 585 2964 bic
598 2915 715 2964 tautum
729 2903 858 2985 perdere
870 2903 939 2964 vitre
1065 2887 1066 2945 l

157 2987 316 3074 Contingit
324 2995 441 3056 miseris
453 3018 460 3054 :
473 2996 604 3078 perdunt
614 2997 697 3060 bona
709 3009 815 3060 cuneta
826 2996 935 3058 lutura.

157 3081 188 3146 N
192 3083 305 3165 onqoid
311 3084 370 3145 eris
381 3088 459 3167 pius,
466 3087 546 3152 elme
557 3090 656 3170 Deus,
665 3094 726 3176 iam
738 3103 838 3152 morte
847 3105 1001 3173 perempto
1013 3093 1023 3150 ἲ
1064 3091 1065 3119 ¹
