2106 3846
17 265 122 351 ¹437.
225 275 702 333 consternuntur.
849 269 907 342 193

17 373 66 432 ted
81 371 190 451 qualis
202 372 342 432 madidus
354 371 450 432 solem
462 393 530 434 cum
543 372 651 433 viderit
661 385 768 450 arcus,'

17 463 106 524 lanta
123 465 184 524 luit
197 464 331 545 pulchrae
343 465 459 545 species
472 477 586 525 extenta
600 465 759 527 columnre.

17 556 167 620 loctibus
181 558 353 640 ignisoeram
368 558 530 637 lumenque
542 578 665 620 accensa
678 558 810 636 ferebat,

16 646 90 708 lum
107 650 159 710 sol
170 664 319 726 torreret,
331 650 421 733 gelidi
433 651 521 711 dabat
531 651 654 710 humida
668 652 754 713 roris.

16 741 74 802 das
86 743 297 804 alternantem
311 744 421 804 ducens
434 764 504 805 cum
515 757 654 824 tempore
666 757 777 806 sortem

16 833 146 897 llntavit
157 849 265 896 natura
281 837 380 912 vices,
392 837 554 897 substantia
566 837 680 897 discors

16 925 196 990 Muneribus
207 929 342 1010 propriis
352 930 536 992 concordem
547 929 676 990 reddidit
688 951 784 992 usum.

16 1017 43 1078 ti
58 1025 192 1100 mansit,
205 1043 345 1082 mansere
359 1022 416 1083 viri
431 1044 439 1080 ι
453 1023 479 1082 si
491 1034 588 1096 mota,
600 1023 704 1084 secuti.

16 1110 44 1171 Si
59 1116 175 1178 multis
188 1117 281 1177 etiam
295 1115 357 1178 visa
370 1128 414 1176 est
426 1115 559 1195 pendere
572 1114 697 1188 diebus,

15 1203 141 1270 Subdita
154 1209 250 1268 defixo
261 1209 418 1268 tardabant
431 1209 549 1289 agmina
560 1207 649 1285 vallo.

51 1298 115 1362 lsta
128 1301 322 1381 quaterdenis
334 1301 428 1382 pietas
439 1299 612 1382 percrebuit
627 1298 729 1375 annis,
775 1329 777 1333 ·

15 1389 97 1453 Dum
111 1407 211 1456 vastos
222 1394 318 1454 eremi
332 1393 443 1469 curris,
456 1392 480 1451 J
481 1393 564 1452 ndaea
576 1435 584 1467 ‚
600 1412 755 1469 recessus,

15 1482 124 1547 Vincla
138 1488 254 1568 pedum
265 1487 404 1546 firmante
417 1486 484 1560 via,
500 1485 571 1544 dum
585 1497 721 1566 tempore
736 1499 818 1548 tanto
873 1507 875 1511 ·

15 1575 88 1638 Non
102 1580 205 1640 attrita
216 1600 303 1640 suum
316 1591 468 1639 servarent
479 1577 608 1659 tegmina
619 1579 754 1659 pondus,

17 1667 211 1752 blollitieque
223 1691 301 1733 nova
313 1670 405 1752 prisci
418 1672 561 1730 durantur
573 1669 709 1732 amictus.

18 1759 70 1824 Sic
79 1764 213 1847 longaeva
225 1764 323 1840 soret,
335 1764 417 1843 quod
430 1782 491 1823 non
502 1765 646 1824 damnosa
659 1776 795 1826 vetustas.

19 1853 102 1918 Dum
114 1877 232 1936 sacrum
246 1856 362 1938 populo
375 1856 485 1918 victum
499 1858 656 1918 candentia
669 1877 780 1918 manna

20 1946 166 2027 Parent,
180 1965 211 2024 et
224 1949 291 2013 coeli
303 1950 418 2032 frugem
431 1963 550 2011 terrena
563 1950 707 2010 viderent.

24 2035 83 2100 Per
95 2063 182 2122 quam
193 2043 332 2104 sublimis
344 2042 521 2122 praediceret
534 2055 601 2102 ante
610 2037 706 2124 'ligura

24 2131 178 2198 Edendum
192 2157 227 2198 ex
237 2149 323 2197 utero
335 2155 446 2215 purum
459 2135 524 2193 siue
536 2133 651 2194 semine
665 2153 774 2215 corpus
787 2180 796 2211 ,

26 2225 94 2303 Quo
107 2242 226 2311 raperet
240 2230 388 2310 pascenda
399 2227 476 2288 salus
489 2227 526 2288 de
540 2227 610 2288 sede
624 2249 754 2310 superna

23 2315 164 2382 dilabente
176 2321 248 2398 Deo
263 2321 371 2384 sanctis
384 2321 527 2382 altaribus
539 2341 628 2384 escas.

31 2409 96 2476 lloc
107 2415 189 2498 signo
203 2435 338 2476 summus
348 2434 489 2502 percussa
499 2435 573 2496 rupe
586 2417 722 2479 sacerdos

29 2501 150 2570 Protulit
160 2510 288 2592 irriguos
300 2507 420 2590 populis
433 2508 601 2570 sitientibus
613 2510 742 2586 haustus.

32 2595 175 2664 Christum
190 2623 320 2682 namque
332 2602 414 2663 vides
427 2601 565 2662 stabilem
578 2605 740 2665 consistere
753 2616 884 2684 petram,

32 2688 182 2757 Percussus
194 2694 292 2777 jaculo
304 2695 399 2777 largas
410 2694 461 2775 qui
473 2694 602 2774 praebuit
612 2697 725 2772 undas,

32 2782 219 2868 Porrexitque
229 2788 289 2850 suis
299 2806 383 2849 sacro
398 2789 434 2847 de
448 2786 571 2847 vulnere
585 2800 701 2867 potum.

66 2879 191 2942 Hebraei
202 2882 316 2942 interea
328 2880 386 2940 laeti
400 2877 680 2944 ducentecolumna

32 2967 86 3033 Per
97 2987 194 3036 terras
203 2995 304 3058 gressu
316 3019 325 3052 ‚
336 2995 393 3056 per
407 2971 515 3036 coelum
528 2971 637 3034 visibus
651 2973 742 3036 ibant.
760 2987 768 3008 ’

33 3059 104 3130 Ecce
117 3069 229 3131 iterum
244 3066 361 3130 Phariis
373 3066 482 3130 insedit
495 3065 646 3130 mentibus
658 3067 702 3130 ira
715 3111 724 3146 ‚

753 3176 802 3239 17·
