2172 3862
145 397 207 481 47⁰
426 403 758 460 nnaconrn
929 396 1037 480 emt.

144 500 289 564 Praesidio
304 499 329 561 si
342 512 430 583 porta
444 499 517 584 fugae
528 499 689 582 spatiosior
701 498 800 559 obstet

149 594 274 672 Clausa,
289 606 455 677 patensque
469 593 559 656 simul
571 593 692 656 bisseno
706 591 828 654 cardine
845 611 957 671 verso,

145 687 230 752 Hinc
243 689 289 752 vir
300 689 402 764 adest,
416 702 503 769 atque
514 689 584 749 inde
600 687 682 763 sera,
697 699 775 747 stans
789 707 868 748 uuus
880 691 922 749 ad
935 711 1033 752 nnum.

145 781 231 854 Hinc
242 777 354 844 armata
366 802 470 843 manus
481 782 583 856 ferro,
600 779 671 843 hinc
683 780 822 841 dentibus
833 802 901 843 ora.

145 874 187 937 Et
201 889 301 938 tamen
313 875 422 936 auxilio
435 896 526 957 snpra
545 887 633 956 eaput
646 874 899 957 imminetalter,

148 967 302 1030 Morsibus
314 968 399 1029 illisis
412 989 451 1029 ne
463 968 559 1029 bestia
572 968 713 1028 membra
722 968 848 1050 jacentis

146 1061 260 1139 Vexet,
276 1075 306 1124 et
315 1062 477 1124 horrorem
490 1062 581 1124 faciat
591 1061 699 1125 dilecta
712 1061 862 1144 voluptas.

190 1155 286 1236 Quis,
301 1177 373 1240 rogo
385 1201 394 1232 ,
408 1169 470 1218 tam
484 1177 574 1219 saevas
587 1156 686 1217 rabies
698 1176 896 1238 compescere
910 1157 1016 1220 vindex

150 1249 293 1312 Armatus
305 1250 495 1331 praesumpsit
508 1251 624 1310 bomo?
643 1248 824 1310 clarissimus
835 1249 888 1312 ille
997 1293 999 1300 ,

149 1343 290 1419 Alcides,
315 1364 406 1422 quem
418 1355 552 1403 monstra
564 1343 664 1403 serunt
675 1341 826 1402 domuisse
841 1342 991 1420 nefanda,

151 1435 217 1517 Qui
229 1437 338 1498 virtute
350 1435 438 1518 polos
449 1437 591 1498 meruisse
604 1447 648 1496 est
661 1425 775 1508 dictus,
795 1448 824 1496 et
837 1449 936 1516 astra,
1044 1447 1050 1458 “

37 1576 46 1585 .
149 1531 210 1592 Vix
223 1552 317 1592 unum
331 1531 465 1592 exstinxit
478 1542 599 1610 captum
610 1549 666 1611 per
679 1527 758 1591 colla
768 1528 914 1607 leonem,

151 1623 189 1704 Si
197 1638 297 1684 tamen
310 1625 381 1686 huic
394 1643 481 1684 verax
492 1627 548 1704 per
561 1621 660 1684 secula
671 1622 753 1681 sama
764 1621 866 1686 locuta
879 1639 935 1687 est.

150 1715 212 1780 Sed
223 1716 272 1780 hic
285 1715 375 1798 plena
387 1717 460 1777 fides
472 1716 606 1778 hominis
618 1716 729 1798 pietate
742 1715 895 1781 Tonantis

149 1811 255 1894 Exegit
265 1809 382 1872 virtutis
392 1830 487 1891 opus,
502 1809 647 1872 miracula
660 1831 788 1872 summa.

75 1941 78 1948 ·
149 1904 206 1967 llle
217 1903 279 1965 Dei
291 1903 418 1965 famulus
429 1903 546 1978 luerat,
560 1925 623 1964 non
636 1907 716 1964 sorte
728 1903 858 1980 Dianae,
934 1969 937 1980 ,

151 1998 230 2079 Quae
240 1997 316 2058 solet
327 1997 479 2058 insontum
489 1996 555 2058 fuso
562 1997 697 2080 gaudere
708 2017 817 2060 cruore
830 2041 840 2072 ‚

151 2089 311 2173 Sanguinis
321 2091 445 2152 humani
457 2110 611 2170 nunquam
625 2091 749 2168 satiata,
768 2092 897 2155 catervis

153 2183 335 2266 Hospitibus
347 2186 448 2260 caesis,
462 2185 595 2246 bumana
607 2187 676 2246 tabe
690 2186 866 2247 madescens

150 2276 280 2340 'faurica
293 2299 348 2360 per
363 2275 496 2341 Colchos
508 2278 636 2341 crudelis
650 2278 772 2360 virginis
786 2297 846 2338 ara.

194 2369 301 2433 Petrus
314 2363 479 2453 apostolico
494 2372 582 2457 digne
594 2372 733 2433 subnixus
744 2372 881 2448 honore,

151 2463 327 2544 Discipulus
340 2464 490 2542 Domini,
511 2467 607 2530 crucis
618 2467 705 2527 almae
718 2467 862 2551 signifer,
878 2480 910 2530 et
923 2469 982 2532 dux

153 2557 303 2620 Gentibus
313 2557 479 2620 innumeris
489 2562 604 2641 positus
615 2561 669 2622 sub
683 2561 747 2644 lege
761 2555 864 2638 fideli',

153 2651 243 2714 Retia
256 2663 323 2733 post
333 2650 430 2734 pelagi
442 2651 586 2715 vilissima
600 2655 690 2735 piscis
703 2655 808 2734 aquosi
828 2723 831 2730 Ι

141 2779 142 2784 1
156 2743 261 2809 Praeco
274 2745 335 2821 Dei
348 2745 457 2823 solers,
471 2758 500 2808 et
510 2747 573 2808 veri
587 2747 732 2830 dogmatis
743 2747 853 2825 index,

154 2837 278 2900 Janitor
288 2840 447 2914 aethereus,
460 2839 508 2902 vel
520 2841 636 2920 primus
649 2841 681 2900 in
696 2842 770 2900 orbe
783 2842 947 2918 sacerdos,

126 2934 128 2943 ’
159 2921 365 3014 Temporibus
378 2934 486 2994 nostris
499 2931 621 2995 Christo
636 2947 777 3017 regnante
790 2946 953 3012 tonanter,

162 3023 302 3106 Quanta,
315 3027 427 3090 docens
436 3021 568 3110 populos
578 3071 588 3104 ,
600 3028 694 3089 turbis
706 3027 851 3089 miracula
862 3029 950 3107 iecit,

112 3176 117 3182 .
158 3119 344 3203 Impendeus
358 3120 437 3183 Asiae
447 3120 530 3183 nulla
540 3123 680 3183 mercede
693 3121 839 3198 salntem,

158 3211 349 3300 Europaeque
360 3214 450 3278 simul
461 3216 545 3276 nixus
558 3216 666 3278 virtute
681 3215 834 3306 magistri?
