2102 3846
286 401 289 405 Ι
330 278 639 368 BEmsAml

169 677 280 842 DE
340 681 805 840 siz-numo,

265 1091 648 1168 ACROSTICHIS.

33 1523 192 1612 Summus
207 1547 322 1613 Christi
334 1552 478 1616 miracula
488 1554 621 1618 versibus
632 1559 708 1620 eden
872 1559 896 1624 S

33 1638 164 1720 Emicat,
178 1645 306 1706 invitans
316 1667 414 1729 parvae
426 1649 462 1708 ad
475 1648 620 1710 solemnia
635 1672 737 1713 mensa
765 1671 768 1676 ·
867 1653 898 1716 Ε

30 1730 162 1819 Dignum
177 1740 334 1802 convivam
349 1764 356 1800 ι
370 1761 433 1802 non
442 1743 539 1818 hunc,
553 1743 604 1822 qui
618 1759 753 1824 carperet
761 1745 814 1808 illu
862 1744 895 1807 D

31 1827 89 1892 Vix
102 1837 179 1914 quod
192 1835 355 1896 nobiliumt
369 1835 469 1916 riplici
485 1836 543 1896 sert
555 1837 621 1896 aula
635 1851 720 1917 parat
862 1837 896 1898 U

28 1919 143 1989 Laetum
156 1930 239 2010 quod
251 1928 401 2009 ponitsub
416 1947 504 1989 aurea
515 1941 590 1990 tecla
599 1929 720 1990 tribuna
869 1929 899 1993 L

36 2013 139 2101 inquo
150 2021 457 2106 gemmiferi‚totque
467 2041 556 2082 aurea
566 2022 777 2097 vasa‚canistr
874 2023 891 2084 1

34 2107 131 2178 Uvida
141 2138 197 2200 pro
208 2115 332 2177 modico
345 2128 466 2197 portant
476 2115 534 2176 sibi
544 2114 741 2195 prandiavict
864 2113 899 2176 U

36 2203 91 2270 Sed
101 2214 181 2290 quod
191 2211 258 2272 olus
268 2210 327 2274 vile
339 2210 478 2293 producit
490 2208 631 2290 pauperis
642 2207 731 2268 hortu
874 2207 898 2270 S

34 2299 148 2385 Alpost
160 2299 456 2386 deliciaipropemnt
468 2303 519 2382 qui
528 2321 646 2362 sumere
655 2321 743 2384 magn
867 2302 899 2364 A

35 2389 173 2457 Nituntur
183 2417 312 2479 parvum
326 2399 504 2457 miserorum
518 2416 660 2477 spernere
673 2415 775 2478 grame
862 2393 897 2458 N

34 2480 55 2541 Τ
64 2503 157 2551 mtum
166 2493 247 2571 quod
256 2490 393 2565 nihilest‚
401 2489 600 2552 dumnilcum
607 2501 710 2550 ventre
718 2489 844 2551 tumesci
866 2487 897 2549 Τ

40 2573 159 2646 Insidias
172 2583 377 2664 membrisque
389 2601 535 2660 movens,
552 2585 719 2662 animaeque
730 2583 814 2644 luent
872 2581 890 2643 Ι

37 2667 172 2739 Siumen
181 2678 229 2737 his
237 2678 362 2759 dapibus
373 2678 452 2740 vesci
465 2679 623 2761 dignantur
639 2677 725 2760 egeni
872 2672 896 2735 S

36 2759 158 2831 Temnat
170 2770 289 2832 divitias
303 2771 439 2846 animus,
452 2773 614 2852 paucisque
627 2772 746 2852 quiesca
866 2766 897 2828 T

33 2853 174 2945 Exemplo
188 2877 358 2944 assumptus
372 2862 521 2941 Domini,
535 2864 698 2946 quimillia
711 2860 825 2942 quinqu
866 2857 896 2921 E

35 2945 161 3020 semotis
172 2958 307 3034 cunctis,
322 2955 450 3020 modicis
465 2959 605 3022 saturavit
617 2959 655 3023 ab
668 2959 729 3022 esci
862 2949 896 3016 S.
