<?xml version="1.0" encoding="UTF-8"?>
<!DOCTYPE html PUBLIC "-//W3C//DTD XHTML 1.0 Transitional//EN"
    "http://www.w3.org/TR/xhtml1/DTD/xhtml1-transitional.dtd">
<html xmlns="http://www.w3.org/1999/xhtml" xml:lang="en" lang="en">
 <head>
  <title>
</title>
<meta http-equiv="Content-Type" content="text/html;charset=utf-8" />
  <meta name='ocr-system' content='tesseract 3.04.00' />
  <meta name='ocr-capabilities' content='ocr_page ocr_carea ocr_par ocr_line ocrx_word'/>
</head>
<body>
  <div class='ocr_page' id='page_1' title='image "./caiicaeliisedul00sedugoog_0300.png"; bbox 0 0 2126 3848; ppageno 0'>
   <div class='ocr_carea' id='block_1_1' title="bbox 16 333 916 1061">
    <p class='ocr_par' dir='ltr' id='par_1_1' title="bbox 16 333 916 1061">
     <span class='ocr_line' id='line_1_1' title="bbox 216 333 916 418; baseline -0.003 -22"><span class='ocrx_word' id='word_1_1' title='bbox 216 338 642 396; x_wconf 72' lang='lat' dir='ltr'>Eetcnnntnunrn.</span> <span class='ocrx_word' id='word_1_2' title='bbox 831 333 916 418; x_wconf 78' lang='lat'>293·</span> 
     </span>
     <span class='ocr_line' id='line_1_2' title="bbox 363 433 532 496; baseline 0.012 -2"><span class='ocrx_word' id='word_1_3' title='bbox 363 433 532 496; x_wconf 85' lang='lat' dir='ltr'>LXXIV.</span> 
     </span>
     <span class='ocr_line' id='line_1_3' title="bbox 16 525 733 607; baseline 0.006 -19"><span class='ocrx_word' id='word_1_4' title='bbox 16 525 62 606; x_wconf 55' lang='lat' dir='ltr'>Qui</span> <span class='ocrx_word' id='word_1_5' title='bbox 76 527 180 587; x_wconf 81' lang='lat' dir='ltr'>laudat</span> <span class='ocrx_word' id='word_1_6' title='bbox 191 525 362 589; x_wconf 89' lang='lat' dir='ltr'>Dominum</span> <span class='ocrx_word' id='word_1_7' title='bbox 374 531 528 590; x_wconf 73' lang='lat' dir='ltr'>de‘mundi</span> <span class='ocrx_word' id='word_1_8' title='bbox 540 527 733 607; x_wconf 85' lang='lat' dir='ltr'>conditione,</span> 
     </span>
     <span class='ocr_line' id='line_1_4' title="bbox 38 616 787 702; baseline 0.009 -24"><span class='ocrx_word' id='word_1_9' title='bbox 38 618 82 679; x_wconf 89' lang='lat' dir='ltr'>Et</span> <span class='ocrx_word' id='word_1_10' title='bbox 93 640 201 680; x_wconf 88' lang='lat' dir='ltr'>rerum</span> <span class='ocrx_word' id='word_1_11' title='bbox 214 621 245 680; x_wconf 90' lang='lat' dir='ltr'>in</span> <span class='ocrx_word' id='word_1_12' title='bbox 257 622 358 701; x_wconf 86' lang='lat' dir='ltr'>speeie</span> <span class='ocrx_word' id='word_1_13' title='bbox 370 624 511 702; x_wconf 73' lang='lat' dir='ltr'>praedicat</span> <span class='ocrx_word' id='word_1_14' title='bbox 520 624 688 701; x_wconf 79' lang='lat' dir='ltr'>artificem,</span> <span class='ocrx_word' id='word_1_15' title='bbox 783 616 787 621; x_wconf 63' lang='grc'><em>’</em></span> 
     </span>
     <span class='ocr_line' id='line_1_5' title="bbox 16 716 891 798; baseline 0.008 -24"><span class='ocrx_word' id='word_1_16' title='bbox 16 716 118 777; x_wconf 70' lang='lat' dir='ltr'>nudet</span> <span class='ocrx_word' id='word_1_17' title='bbox 130 726 163 774; x_wconf 89' lang='lat' dir='ltr'>et</span> <span class='ocrx_word' id='word_1_18' title='bbox 172 728 314 776; x_wconf 78' lang='lat' dir='ltr'><strong>aeternam</strong></span> <span class='ocrx_word' id='word_1_19' title='bbox 326 729 474 792; x_wconf 84' lang='lat' dir='ltr'>mortem,</span> <span class='ocrx_word' id='word_1_20' title='bbox 489 717 685 798; x_wconf 73' lang='lat' dir='ltr'>flammasque</span> <span class='ocrx_word' id='word_1_21' title='bbox 703 718 869 780; x_wconf 79' lang='lat' dir='ltr'>minantem</span> <span class='ocrx_word' id='word_1_22' title='bbox 882 763 891 796; x_wconf 91' lang='lat'>,</span> 
     </span>
     <span class='ocr_line' id='line_1_6' title="bbox 40 807 552 892; baseline 0.01 -25"><span class='ocrx_word' id='word_1_23' title='bbox 40 807 84 868; x_wconf 86' lang='lat' dir='ltr'>Et</span> <span class='ocrx_word' id='word_1_24' title='bbox 95 809 169 890; x_wconf 85' lang='lat' dir='ltr'>justi</span> <span class='ocrx_word' id='word_1_25' title='bbox 183 809 259 892; x_wconf 82' lang='lat' dir='ltr'>regis</span> <span class='ocrx_word' id='word_1_26' title='bbox 269 809 414 891; x_wconf 73' lang='lat' dir='ltr'>judicium</span> <span class='ocrx_word' id='word_1_27' title='bbox 429 825 552 872; x_wconf 81' lang='lat' dir='ltr'>metuat.</span> 
     </span>
     <span class='ocr_line' id='line_1_7' title="bbox 16 899 809 1061; baseline 0.009 -101"><span class='ocrx_word' id='word_1_28' title='bbox 16 899 80 983; x_wconf 79' lang='lat' dir='ltr'>ipes</span> <span class='ocrx_word' id='word_1_29' title='bbox 93 903 133 963; x_wconf 87' lang='lat' dir='ltr'>de</span> <span class='ocrx_word' id='word_1_30' title='bbox 146 904 303 983; x_wconf 81' lang='lat' dir='ltr'>promissis</span> <span class='ocrx_word' id='word_1_31' title='bbox 314 906 359 966; x_wconf 94' lang='lat' dir='ltr'>nil</span> <span class='ocrx_word' id='word_1_32' title='bbox 370 906 523 989; x_wconf 79' lang='lat' dir='ltr'>&#39;ambignt‚</span> <span class='ocrx_word' id='word_1_33' title='bbox 539 926 631 997; x_wconf 86' lang='lat' dir='ltr'>omne</span> <span class='ocrx_word' id='word_1_34' title='bbox 643 906 727 1061; x_wconf 62' lang='lat' dir='ltr'>dapit</span> <span class='ocrx_word' id='word_1_35' title='bbox 739 928 809 983; x_wconf 87' lang='lat' dir='ltr'>rex,</span> 
     </span>
    </p>
   </div>
   <div class='ocr_carea' id='block_1_2' title="bbox 16 995 888 3135">
    <p class='ocr_par' dir='ltr' id='par_1_2' title="bbox 16 995 888 3135">
     <span class='ocr_line' id='line_1_8' title="bbox 45 995 734 1082; baseline 0.004 -25"><span class='ocrx_word' id='word_1_36' title='bbox 45 995 144 1076; x_wconf 80' lang='lat' dir='ltr'>Quod</span> <span class='ocrx_word' id='word_1_37' title='bbox 157 1009 260 1079; x_wconf 83' lang='lat' dir='ltr'>parat,</span> <span class='ocrx_word' id='word_1_38' title='bbox 273 1012 304 1059; x_wconf 87' lang='lat' dir='ltr'>et</span> <span class='ocrx_word' id='word_1_39' title='bbox 314 999 430 1061; x_wconf 85' lang='lat' dir='ltr'>meritis</span> <span class='ocrx_word' id='word_1_40' title='bbox 441 1001 536 1082; x_wconf 79' lang='lat' dir='ltr'>grstia</span> <span class='ocrx_word' id='word_1_41' title='bbox 546 1002 644 1081; x_wconf 85' lang='lat' dir='ltr'>major</span> <span class='ocrx_word' id='word_1_42' title='bbox 657 1021 673 1060; x_wconf 91' lang='lat' dir='ltr'>e</span> <span class='ocrx_word' id='word_1_43' title='bbox 691 1001 734 1074; x_wconf 77' lang='lat' dir='ltr'>ie,</span> 
     </span>
     <span class='ocr_line' id='line_1_9' title="bbox 16 1087 765 1174; baseline 0.005 -26"><span class='ocrx_word' id='word_1_44' title='bbox 16 1087 40 1149; x_wconf 74' lang='lat' dir='ltr'>ii</span> <span class='ocrx_word' id='word_1_45' title='bbox 50 1103 220 1171; x_wconf 83' lang='lat' dir='ltr'>properent</span> <span class='ocrx_word' id='word_1_46' title='bbox 233 1104 332 1153; x_wconf 85' lang='lat' dir='ltr'>sontes</span> <span class='ocrx_word' id='word_1_47' title='bbox 342 1094 458 1173; x_wconf 81' lang='lat' dir='ltr'>peccati</span> <span class='ocrx_word' id='word_1_48' title='bbox 472 1094 654 1174; x_wconf 82' lang='lat' dir='ltr'>abrumpere</span> <span class='ocrx_word' id='word_1_49' title='bbox 667 1094 765 1152; x_wconf 90' lang='lat' dir='ltr'>nodos</span> 
     </span>
     <span class='ocr_line' id='line_1_10' title="bbox 50 1183 805 1261; baseline 0.005 -19"><span class='ocrx_word' id='word_1_50' title='bbox 50 1183 126 1246; x_wconf 79' lang='lat' dir='ltr'>Ante</span> <span class='ocrx_word' id='word_1_51' title='bbox 141 1184 224 1244; x_wconf 85' lang='lat' dir='ltr'>diem</span> <span class='ocrx_word' id='word_1_52' title='bbox 235 1187 360 1261; x_wconf 85' lang='lat' dir='ltr'>mortis,</span> <span class='ocrx_word' id='word_1_53' title='bbox 375 1189 447 1248; x_wconf 87' lang='lat' dir='ltr'>dum</span> <span class='ocrx_word' id='word_1_54' title='bbox 462 1186 546 1248; x_wconf 88' lang='lat' dir='ltr'>locus</span> <span class='ocrx_word' id='word_1_55' title='bbox 558 1200 601 1248; x_wconf 85' lang='lat' dir='ltr'>est</span> <span class='ocrx_word' id='word_1_56' title='bbox 615 1187 720 1248; x_wconf 83' lang='lat' dir='ltr'>reniae.</span> <span class='ocrx_word' id='word_1_57' title='bbox 804 1253 805 1256; x_wconf 8' lang='grc' dir='ltr'><strong>Ἴ</strong></span> 
     </span>
     <span class='ocr_line' id='line_1_11' title="bbox 374 1278 527 1340; baseline 0 -2"><span class='ocrx_word' id='word_1_58' title='bbox 374 1278 477 1340; x_wconf 85' lang='lat' dir='ltr'>LXX</span> <span class='ocrx_word' id='word_1_59' title='bbox 486 1279 527 1339; x_wconf 87' lang='lat' dir='ltr'>V.</span> 
     </span>
     <span class='ocr_line' id='line_1_12' title="bbox 16 1371 699 1437; baseline 0 -4"><span class='ocrx_word' id='word_1_60' title='bbox 16 1371 159 1433; x_wconf 82' lang='lat' dir='ltr'>Converti</span> <span class='ocrx_word' id='word_1_61' title='bbox 171 1373 210 1434; x_wconf 82' lang='lat' dir='ltr'>ad</span> <span class='ocrx_word' id='word_1_62' title='bbox 221 1387 318 1436; x_wconf 84' lang='lat' dir='ltr'>rectos</span> <span class='ocrx_word' id='word_1_63' title='bbox 329 1394 431 1435; x_wconf 88' lang='lat' dir='ltr'>mores</span> <span class='ocrx_word' id='word_1_64' title='bbox 443 1386 474 1435; x_wconf 89' lang='lat' dir='ltr'>et</span> <span class='ocrx_word' id='word_1_65' title='bbox 485 1375 586 1437; x_wconf 85' lang='lat' dir='ltr'>vivere</span> <span class='ocrx_word' id='word_1_66' title='bbox 599 1386 699 1434; x_wconf 83' lang='lat' dir='ltr'>sancte</span> 
     </span>
     <span class='ocr_line' id='line_1_13' title="bbox 49 1464 794 1548; baseline 0.004 -23"><span class='ocrx_word' id='word_1_67' title='bbox 49 1465 85 1525; x_wconf 84' lang='lat' dir='ltr'>ln</span> <span class='ocrx_word' id='word_1_68' title='bbox 101 1464 226 1528; x_wconf 89' lang='lat' dir='ltr'>Christo</span> <span class='ocrx_word' id='word_1_69' title='bbox 238 1469 402 1544; x_wconf 85' lang='lat' dir='ltr'>meditans,</span> <span class='ocrx_word' id='word_1_70' title='bbox 417 1469 497 1548; x_wconf 88' lang='lat' dir='ltr'>quod</span> <span class='ocrx_word' id='word_1_71' title='bbox 512 1468 613 1548; x_wconf 89' lang='lat' dir='ltr'>cupit,</span> <span class='ocrx_word' id='word_1_72' title='bbox 628 1465 794 1542; x_wconf 81' lang='lat' dir='ltr'>acceleret,</span> 
     </span>
     <span class='ocr_line' id='line_1_14' title="bbox 16 1557 699 1636; baseline 0 -16"><span class='ocrx_word' id='word_1_73' title='bbox 16 1557 129 1620; x_wconf 77' lang='lat' dir='ltr'>Cedant</span> <span class='ocrx_word' id='word_1_74' title='bbox 139 1561 241 1620; x_wconf 85' lang='lat' dir='ltr'>virtuti</span> <span class='ocrx_word' id='word_1_75' title='bbox 253 1582 395 1622; x_wconf 77' lang='lat' dir='ltr'>ranarum</span> <span class='ocrx_word' id='word_1_76' title='bbox 409 1561 563 1622; x_wconf 80' lang='lat' dir='ltr'>obstacula</span> <span class='ocrx_word' id='word_1_77' title='bbox 577 1582 699 1636; x_wconf 90' lang='lat' dir='ltr'>rerum,</span> 
     </span>
     <span class='ocr_line' id='line_1_15' title="bbox 50 1651 630 1734; baseline 0.005 -22"><span class='ocrx_word' id='word_1_78' title='bbox 50 1651 101 1712; x_wconf 88' lang='lat' dir='ltr'>Ne</span> <span class='ocrx_word' id='word_1_79' title='bbox 113 1654 220 1732; x_wconf 84' lang='lat' dir='ltr'>perdat</span> <span class='ocrx_word' id='word_1_80' title='bbox 232 1655 295 1715; x_wconf 88' lang='lat' dir='ltr'>voti</span> <span class='ocrx_word' id='word_1_81' title='bbox 303 1667 444 1734; x_wconf 79' lang='lat' dir='ltr'>tempora</span> <span class='ocrx_word' id='word_1_82' title='bbox 457 1654 537 1715; x_wconf 80' lang='lat' dir='ltr'>lente</span> <span class='ocrx_word' id='word_1_83' title='bbox 548 1655 630 1715; x_wconf 83' lang='lat' dir='ltr'>fides.</span> 
     </span>
     <span class='ocr_line' id='line_1_16' title="bbox 16 1743 888 1831; baseline 0.006 -27"><span class='ocrx_word' id='word_1_84' title='bbox 16 1743 95 1822; x_wconf 80' lang='lat' dir='ltr'>Quid</span> <span class='ocrx_word' id='word_1_85' title='bbox 105 1749 187 1827; x_wconf 83' lang='lat' dir='ltr'>juvat</span> <span class='ocrx_word' id='word_1_86' title='bbox 200 1749 231 1806; x_wconf 93' lang='lat' dir='ltr'>in</span> <span class='ocrx_word' id='word_1_87' title='bbox 245 1749 367 1831; x_wconf 82' lang='lat' dir='ltr'>longum</span> <span class='ocrx_word' id='word_1_88' title='bbox 381 1768 481 1810; x_wconf 85' lang='lat' dir='ltr'>causas</span> <span class='ocrx_word' id='word_1_89' title='bbox 492 1751 659 1830; x_wconf 91' lang='lat' dir='ltr'>producere</span> <span class='ocrx_word' id='word_1_90' title='bbox 669 1748 795 1809; x_wconf 87' lang='lat' dir='ltr'>morbi?</span> <span class='ocrx_word' id='word_1_91' title='bbox 812 1759 816 1772; x_wconf 84' lang='lat'><strong><em>¹</em></strong></span> <span class='ocrx_word' id='word_1_92' title='bbox 876 1789 888 1804; x_wconf 58' lang='lat'>·=</span> 
     </span>
     <span class='ocr_line' id='line_1_17' title="bbox 54 1837 866 1920; baseline 0.002 -20"><span class='ocrx_word' id='word_1_93' title='bbox 54 1837 119 1900; x_wconf 92' lang='lat' dir='ltr'>Cur</span> <span class='ocrx_word' id='word_1_94' title='bbox 131 1841 254 1900; x_wconf 84' lang='lat' dir='ltr'>dubium</span> <span class='ocrx_word' id='word_1_95' title='bbox 268 1854 491 1920; x_wconf 75' lang='lat' dir='ltr'>exspectatores</span> <span class='ocrx_word' id='word_1_96' title='bbox 503 1843 649 1903; x_wconf 84' lang='lat' dir='ltr'>hodierna</span> <span class='ocrx_word' id='word_1_97' title='bbox 661 1840 760 1903; x_wconf 80' lang='lat' dir='ltr'>salus?</span> <span class='ocrx_word' id='word_1_98' title='bbox 805 1839 808 1918; x_wconf 68' lang='lat'><em>]</em></span> <span class='ocrx_word' id='word_1_99' title='bbox 864 1866 866 1874; x_wconf 40' lang='lat' dir='ltr'><strong><em>f</em></strong></span> 
     </span>
     <span class='ocr_line' id='line_1_18' title="bbox 16 1929 767 2018; baseline -0.003 -24"><span class='ocrx_word' id='word_1_100' title='bbox 16 1929 132 1994; x_wconf 83' lang='lat' dir='ltr'>Scimus</span> <span class='ocrx_word' id='word_1_101' title='bbox 143 1935 286 1995; x_wconf 86' lang='lat' dir='ltr'>correctis</span> <span class='ocrx_word' id='word_1_102' title='bbox 297 1936 417 2010; x_wconf 79' lang='lat' dir='ltr'>reniam</span> <span class='ocrx_word' id='word_1_103' title='bbox 430 1956 568 1996; x_wconf 82' lang='lat' dir='ltr'>nonesse</span> <span class='ocrx_word' id='word_1_104' title='bbox 582 1929 767 2018; x_wconf 76' lang='lat' dir='ltr'>negandam,</span> 
     </span>
     <span class='ocr_line' id='line_1_19' title="bbox 56 2025 766 2094; baseline -0.001 -7"><span class='ocrx_word' id='word_1_105' title='bbox 56 2025 114 2088; x_wconf 87' lang='lat' dir='ltr'>Sed</span> <span class='ocrx_word' id='word_1_106' title='bbox 127 2026 205 2088; x_wconf 89' lang='lat' dir='ltr'>nulli</span> <span class='ocrx_word' id='word_1_107' title='bbox 214 2041 351 2090; x_wconf 83' lang='lat' dir='ltr'>nostrum</span> <span class='ocrx_word' id='word_1_108' title='bbox 361 2043 404 2088; x_wconf 89' lang='lat' dir='ltr'>est</span> <span class='ocrx_word' id='word_1_109' title='bbox 417 2030 523 2089; x_wconf 81' lang='lat' dir='ltr'>ultima</span> <span class='ocrx_word' id='word_1_110' title='bbox 535 2041 606 2088; x_wconf 84' lang='lat' dir='ltr'>nota</span> <span class='ocrx_word' id='word_1_111' title='bbox 620 2029 694 2088; x_wconf 86' lang='lat' dir='ltr'>dies.</span> <span class='ocrx_word' id='word_1_112' title='bbox 765 2087 766 2094; x_wconf 38' lang='lat'>,</span> 
     </span>
     <span class='ocr_line' id='line_1_20' title="bbox 365 2120 541 2181; baseline -0.011 -1"><span class='ocrx_word' id='word_1_113' title='bbox 365 2120 507 2181; x_wconf 87' lang='lat' dir='ltr'><strong>LXXV</strong></span> <span class='ocrx_word' id='word_1_114' title='bbox 517 2121 541 2178; x_wconf 91' lang='lat' dir='ltr'>l.</span> 
     </span>
     <span class='ocr_line' id='line_1_21' title="bbox 19 2211 769 2301; baseline -0.005 -29"><span class='ocrx_word' id='word_1_115' title='bbox 19 2211 100 2274; x_wconf 86' lang='lat' dir='ltr'>Utile</span> <span class='ocrx_word' id='word_1_116' title='bbox 114 2213 255 2294; x_wconf 83' lang='lat' dir='ltr'>prudenti</span> <span class='ocrx_word' id='word_1_117' title='bbox 267 2229 329 2286; x_wconf 86' lang='lat' dir='ltr'>est,</span> <span class='ocrx_word' id='word_1_118' title='bbox 343 2216 495 2301; x_wconf 69' lang='lat' dir='ltr'>mundans</span> <span class='ocrx_word' id='word_1_119' title='bbox 508 2214 631 2274; x_wconf 83' lang='lat' dir='ltr'>adversa</span> <span class='ocrx_word' id='word_1_120' title='bbox 644 2231 769 2282; x_wconf 86' lang='lat' dir='ltr'>cavere,</span> 
     </span>
     <span class='ocr_line' id='line_1_22' title="bbox 56 2301 727 2386; baseline -0.006 -20"><span class='ocrx_word' id='word_1_121' title='bbox 56 2306 95 2366; x_wconf 85' lang='lat' dir='ltr'>Et</span> <span class='ocrx_word' id='word_1_122' title='bbox 106 2306 189 2386; x_wconf 85' lang='lat' dir='ltr'>qnod</span> <span class='ocrx_word' id='word_1_123' title='bbox 199 2305 353 2365; x_wconf 81' lang='lat' dir='ltr'>vitandum</span> <span class='ocrx_word' id='word_1_124' title='bbox 367 2316 412 2364; x_wconf 88' lang='lat' dir='ltr'>est</span> <span class='ocrx_word' id='word_1_125' title='bbox 424 2303 589 2384; x_wconf 79' lang='lat' dir='ltr'>prospiciet</span> <span class='ocrx_word' id='word_1_126' title='bbox 603 2301 727 2385; x_wconf 82' lang='lat' dir='ltr'>ingere,</span> 
     </span>
     <span class='ocr_line' id='line_1_23' title="bbox 17 2397 762 2478; baseline -0.003 -18"><span class='ocrx_word' id='word_1_127' title='bbox 17 2399 77 2461; x_wconf 81' lang='lat' dir='ltr'>seu</span> <span class='ocrx_word' id='word_1_128' title='bbox 89 2421 157 2461; x_wconf 89' lang='lat' dir='ltr'>cum</span> <span class='ocrx_word' id='word_1_129' title='bbox 171 2397 288 2478; x_wconf 84' lang='lat' dir='ltr'>peccati</span> <span class='ocrx_word' id='word_1_130' title='bbox 300 2401 410 2460; x_wconf 88' lang='lat' dir='ltr'>merito</span> <span class='ocrx_word' id='word_1_131' title='bbox 425 2417 530 2458; x_wconf 82' lang='lat' dir='ltr'>manus</span> <span class='ocrx_word' id='word_1_132' title='bbox 542 2397 762 2477; x_wconf 87' lang='lat' dir='ltr'>omnipotentis</span> 
     </span>
     <span class='ocr_line' id='line_1_24' title="bbox 59 2491 716 2572; baseline -0.006 -18"><span class='ocrx_word' id='word_1_133' title='bbox 59 2491 176 2554; x_wconf 82' lang='lat' dir='ltr'>Omnia</span> <span class='ocrx_word' id='word_1_134' title='bbox 190 2491 372 2554; x_wconf 86' lang='lat' dir='ltr'>concludens</span> <span class='ocrx_word' id='word_1_135' title='bbox 385 2505 477 2554; x_wconf 80' lang='lat' dir='ltr'>arctat</span> <span class='ocrx_word' id='word_1_136' title='bbox 490 2491 601 2572; x_wconf 84' lang='lat' dir='ltr'>ubique</span> <span class='ocrx_word' id='word_1_137' title='bbox 613 2512 716 2567; x_wconf 90' lang='lat' dir='ltr'>reum,</span> 
     </span>
     <span class='ocr_line' id='line_1_25' title="bbox 23 2585 805 2668; baseline -0.001 -22"><span class='ocrx_word' id='word_1_138' title='bbox 23 2587 122 2648; x_wconf 89' lang='lat' dir='ltr'>Unum</span> <span class='ocrx_word' id='word_1_139' title='bbox 136 2586 311 2668; x_wconf 83' lang='lat' dir='ltr'>profugium</span> <span class='ocrx_word' id='word_1_140' title='bbox 324 2599 421 2647; x_wconf 86' lang='lat' dir='ltr'>totum</span> <span class='ocrx_word' id='word_1_141' title='bbox 435 2599 478 2646; x_wconf 85' lang='lat' dir='ltr'>est</span> <span class='ocrx_word' id='word_1_142' title='bbox 492 2585 577 2647; x_wconf 89' lang='lat' dir='ltr'>Deus</span> <span class='ocrx_word' id='word_1_143' title='bbox 591 2587 655 2667; x_wconf 88' lang='lat' dir='ltr'>ipse</span> <span class='ocrx_word' id='word_1_144' title='bbox 669 2586 805 2660; x_wconf 90' lang='lat' dir='ltr'>timenti,</span> 
     </span>
     <span class='ocr_line' id='line_1_26' title="bbox 57 2680 650 2761; baseline -0.008 -19"><span class='ocrx_word' id='word_1_145' title='bbox 57 2681 84 2741; x_wconf 89' lang='lat' dir='ltr'><strong>A</strong></span> <span class='ocrx_word' id='word_1_146' title='bbox 97 2703 158 2761; x_wconf 87' lang='lat' dir='ltr'>qno</span> <span class='ocrx_word' id='word_1_147' title='bbox 173 2681 377 2760; x_wconf 35' lang='lat' dir='ltr'>discedenslne</span> <span class='ocrx_word' id='word_1_148' title='bbox 394 2692 518 2759; x_wconf 88' lang='lat' dir='ltr'>pereat,</span> <span class='ocrx_word' id='word_1_149' title='bbox 531 2680 650 2749; x_wconf 79' lang='lat' dir='ltr'>redeat3</span> 
     </span>
     <span class='ocr_line' id='line_1_27' title="bbox 22 2768 873 2853; baseline -0.011 -17"><span class='ocrx_word' id='word_1_150' title='bbox 22 2775 165 2838; x_wconf 82' lang='lat' dir='ltr'>Converti</span> <span class='ocrx_word' id='word_1_151' title='bbox 181 2794 312 2853; x_wconf 81' lang='lat' dir='ltr'>namque</span> <span class='ocrx_word' id='word_1_152' title='bbox 324 2770 365 2834; x_wconf 74' lang='lat' dir='ltr'>ad&#39;</span> <span class='ocrx_word' id='word_1_153' title='bbox 375 2771 548 2834; x_wconf 90' lang='lat' dir='ltr'>Dominum</span> <span class='ocrx_word' id='word_1_154' title='bbox 560 2769 726 2832; x_wconf 83' lang='lat' dir='ltr'>certissima</span> <span class='ocrx_word' id='word_1_155' title='bbox 739 2768 799 2830; x_wconf 79' lang='lat' dir='ltr'>rita</span> <span class='ocrx_word' id='word_1_156' title='bbox 811 2781 873 2845; x_wconf 87' lang='lat' dir='ltr'>est,</span> 
     </span>
     <span class='ocr_line' id='line_1_28' title="bbox 62 2863 698 2951; baseline -0.013 -21"><span class='ocrx_word' id='word_1_157' title='bbox 62 2867 102 2929; x_wconf 87' lang='lat' dir='ltr'>Et</span> <span class='ocrx_word' id='word_1_158' title='bbox 115 2889 226 2951; x_wconf 78' lang='lat' dir='ltr'>pacem</span> <span class='ocrx_word' id='word_1_159' title='bbox 240 2868 346 2929; x_wconf 83' lang='lat' dir='ltr'>offensi</span> <span class='ocrx_word' id='word_1_160' title='bbox 360 2886 512 2948; x_wconf 76' lang='lat' dir='ltr'>quaerere,</span> <span class='ocrx_word' id='word_1_161' title='bbox 527 2864 590 2926; x_wconf 82' lang='lat' dir='ltr'>sola</span> <span class='ocrx_word' id='word_1_162' title='bbox 602 2863 698 2924; x_wconf 86' lang='lat' dir='ltr'>salus:</span> 
     </span>
     <span class='ocr_line' id='line_1_29' title="bbox 23 2958 864 3043; baseline -0.001 -20"><span class='ocrx_word' id='word_1_163' title='bbox 23 2961 83 3043; x_wconf 89' lang='lat' dir='ltr'>Qui</span> <span class='ocrx_word' id='word_1_164' title='bbox 93 2974 210 3035; x_wconf 83' lang='lat' dir='ltr'>terret,</span> <span class='ocrx_word' id='word_1_165' title='bbox 230 2963 345 3043; x_wconf 84' lang='lat' dir='ltr'>parcit,</span> <span class='ocrx_word' id='word_1_166' title='bbox 359 2961 410 3042; x_wconf 93' lang='lat' dir='ltr'>qui</span> <span class='ocrx_word' id='word_1_167' title='bbox 426 2959 573 3043; x_wconf 86' lang='lat' dir='ltr'>percutit,</span> <span class='ocrx_word' id='word_1_168' title='bbox 588 2958 823 3040; x_wconf 84' lang='lat' dir='ltr'>ipse-medetur:</span> <span class='ocrx_word' id='word_1_169' title='bbox 862 3015 864 3022; x_wconf 23' lang='lat' dir='ltr'>r</span> 
     </span>
     <span class='ocr_line' id='line_1_30' title="bbox 57 3051 698 3135; baseline -0.014 -13"><span class='ocrx_word' id='word_1_170' title='bbox 57 3053 174 3122; x_wconf 81' lang='lat' dir='ltr'>Vivere</span> <span class='ocrx_word' id='word_1_171' title='bbox 186 3056 231 3118; x_wconf 85' lang='lat' dir='ltr'>ris</span> <span class='ocrx_word' id='word_1_172' title='bbox 242 3055 305 3133; x_wconf 88' lang='lat' dir='ltr'>illi,</span> <span class='ocrx_word' id='word_1_173' title='bbox 318 3055 463 3132; x_wconf 85' lang='lat' dir='ltr'>subdere,</span> <span class='ocrx_word' id='word_1_174' title='bbox 478 3074 569 3135; x_wconf 88' lang='lat' dir='ltr'>quem</span> <span class='ocrx_word' id='word_1_175' title='bbox 580 3051 698 3114; x_wconf 87' lang='lat' dir='ltr'>metuis.</span> 
     </span>
    </p>
   </div>
   <div class='ocr_carea' id='block_1_3' title="bbox 0 0 1068 3848">
    <p class='ocr_par' dir='ltr' id='par_1_3' title="bbox 0 0 1068 3848">
     <span class='ocr_line' id='line_1_31' title="bbox 0 0 1068 3848; baseline 0 0"><span class='ocrx_word' id='word_1_176' title='bbox 0 0 1068 3848; x_wconf 95' lang='lat' dir='ltr'> </span> 
     </span>
    </p>
   </div>
  </div>
 </body>
</html>
