2172 3862
162 359 224 444 tJt
356 308 762 424 ‘onnconrn
943 355 1048 416 aare.

161 463 260 543 Atque
269 458 420 544 pudicitia.
433 461 509 524 laesae
521 459 701 524 castissimus
713 455 795 518 ultor

161 554 237 618 Post
248 555 345 640 regale
356 554 453 631 nefas,
467 556 549 635 quod
558 565 645 617 eastae
656 550 750 636 gessit
758 550 901 629 adulter,

160 647 286 713 lnvasor
297 647 419 712 thalami
431 648 578 732 genialis,
593 647 696 730 praedo
710 645 848 727 pudoris.

162 741 257 824 Quod
269 743 365 808 scelus
377 743 516 818 admisit,
530 753 691 824 postquam
703 739 767 800 sera
784 759 875 824 regua
891 743 1013 823 tyranni

161 835 303 920 Expulit,
323 829 488 922 etgemino
502 833 674 918 perstrinxit
684 832 809 895 'consule
824 833 982 914 Romam,

160 932 272 992 Annua
283 929 395 992 festivis
407 927 579 1011 disponens
585 926 714 990 fascibus
727 929 816 990 acta?

161 1022 257 1108 Regia
268 1022 348 1085 bella
359 1043 466 1108 gerens
477 1067 487 1100 ,
509 1035 624 1084 naturae
637 1020 718 1083 bella
731 1023 865 1106 peregit,

162 1117 305 1180 Membra
319 1135 427 1180 cruore
440 1136 494 1178 suo
507 1116 641 1198 perfudit
651 1116 690 1177 ab
699 1116 786 1177 hoste
799 1137 940 1180 reversus

164 1210 300 1289 Consul,
323 1223 353 1272 et
366 1210 397 1272 in
409 1209 525 1272 sobolis
537 1210 627 1272 vertit
638 1210 691 1293 pia
703 1208 781 1272 eolla
793 1230 917 1274 secures

163 1304 313 1367 Hostibus
323 1315 453 1386 aptatas,
468 1304 586 1366 funesta
595 1304 699 1366 fraude
710 1304 875 1388 profanas,

82 1413 88 1430 ⁸
164 1397 291 1463 Civibus
304 1399 834 1480 hostilesgorbatricesqnesuorum.

161 1494 230 1555 lbat
242 1493 274 1554 in
288 1495 425 1574 exequias
437 1494 580 1575 juvenum
592 1493 756 1555 execranda
768 1505 929 1570 senectus,

161 1587 253 1648 Unus
265 1601 330 1649 erat
342 1588 410 1648 vitae
421 1600 582 1663 natorum,
596 1599 626 1648 et
637 1586 751 1666 funeris
763 1598 879 1652 auctor.

162 1677 233 1742 Hoc
247 1680 342 1742 scelus
350 1679 517 1742 admissum
528 1693 590 1743 tam
603 1700 681 1742 saevo
695 1680 824 1761 crimine
837 1700 904 1741 non
915 1693 970 1744 est.

161 1772 270 1837 Dulcis
279 1792 367 1835 amor
378 1773 503 1857 patria,
524 1775 577 1856 qui
589 1787 707 1857 patrem
717 1761 789 1836 fecit
800 1794 963 1851 amarum,

161 1867 223 1929 Aut
232 1867 303 1931 feeit
314 1888 377 1928 non
390 1887 453 1938 esse
467 1882 585 1951 patrem
597 1870 659 1950 jam
672 1868 761 1950 prole
774 1860 947 1952 perempta.

162 1958 224 2023 Pro
238 1962 346 2043 quibus
358 1981 442 2024 arma
454 1961 540 2038 tulit,
551 1960 611 2023 hoc
623 1981 655 2023 se
667 1960 719 2041 qui
730 1961 859 2045 pignore
870 1963 997 2046 privati

202 2055 289 2116 Alter
301 2067 365 2116 erat
375 2053 496 2129 senior,
512 2055 563 2134 qui
577 2067 678 2116 natam
691 2054 823 2135 perculit
835 2077 929 2134 ense,

162 2147 295 2236 Quando
308 2147 413 2209 dolens
423 2147 687 2232 genitorplauetu
701 2149 739 2208 de
753 2148 882 2232 pignore
894 2140 977 2216 seeit'.

162 2238 311 2305 Praeveuit
324 2241 466 2316 affectus,
477 2261 517 2302 ne
529 2242 622 2304 corde
632 2243 800 2324 premenda
811 2242 910 2306 libido

122 2349 125 2352 ·
160 2333 297 2396 Tolleret
309 2335 503 2419 ingeminum
517 2336 656 2398 libertate
667 2337 828 2419 pudorem.

41 2441 43 2449 '
161 2425 260 2491 Causa
270 2428 422 2508 pudicitiae
434 2431 623 2511 naturaejura
634 2428 775 2506 diremit,
841 2430 849 2436 “

160 2520 321 2585 Libertatis
334 2539 421 2582 amor
433 2521 505 2584 vicit
515 2523 636 2604 pietatis
645 2542 793 2585 amorem.

160 2613 332 2688 Immemor
344 2613 417 2676 hinc
426 2616 546 2698 generis
558 2617 668 2694 factm,
681 2636 745 2678 non
760 2617 931 2680 immemor
939 2617 1047 2692 Urbis,

162 2706 326 2794 Sanguinis
340 2707 451 2770 oblitus
461 2707 534 2772 fecit
543 2711 581 2772 de
593 2697 678 2792 natue
688 2718 867 2773 novercam
918 2729 923 2735 ·
1073 2691 1074 2715 ¹

124 2821 128 2830 ’
159 2801 297 2886 Virginis
311 2803 427 2864 eximiae
440 2815 527 2884 pater
540 2803 653 2885 impius
666 2824 730 2869 esse
742 2819 878 2883 recusat,

110 2905 116 2912 '
160 2894 211 2956 Ne
223 2895 260 2956 sit
270 2915 342 2957 avus
352 2895 476 2974 famuli,
489 2898 607 2978 pondus
620 2897 744 2959 ditionis
756 2897 898 2962 honestas

159 2986 324 3061 Extimuit3
340 2990 473 3050 formido
489 2988 546 3050 fuit
558 2990 667 3054 lasciva
680 2991 838 3074 voluptas,

159 3080 344 3161 Illicitosque
357 3083 461 3146 thoros
473 3083 604 3147 obsceno
617 3085 745 3148 crimine
758 3097 867 3168 captos

161 3171 293 3236 Horruit
304 3173 412 3236 iratus:
427 3177 572 3258 gemitus,
595 3179 733 3244 vincente
745 3179 871 3258 dolore,
