2172 3862
146 318 209 392 440
419 314 527 374 nau
547 319 747 373 C‘ONfl'll
921 297 1028 370 ritib.

146 419 302 484 Fluctibus
312 415 459 496 aequoreis
470 413 599 476 Domini
611 415 667 478 sub
681 415 817 496 pondere
835 414 934 483 uictis.

145 515 247 578 Vertit
257 531 366 594 aquas,
385 509 497 572 utrina
510 509 603 570 lluaut
618 533 625 570 ι
639 508 778 572 mirabile
793 510 909 570 donum
924 555 934 586 ,

146 608 261 671 Pocula
273 618 340 668 suut
350 605 471 679 latices,
487 617 516 664 et
529 601 665 664 ll'umiuis
679 603 775 664 ebriat
788 605 881 682 unda.

148 701 248 785 Copia
261 701 347 783 panis
357 699 459 774 abest,
475 710 504 761 et
517 697 607 777 copia
619 697 706 778 panis
717 697 857 757 abundat.

189 797 292 858 lllillia
305 795 447 858 virtutum
461 803 528 853 sunt
541 790 737 862 admiranda;
756 791 807 850 sed
818 790 938 869 utquid

146 891 320 964 Miremur,
340 886 513 948 Dominum
526 897 643 948 tantum
656 883 788 966 putuisse
802 883 972 966 polorum,
1077 887 1078 892 ’

146 983 319 1066 Discipuli,
333 979 497 1059 famulique
511 979 557 1040 sui
569 999 639 1041 eum
650 991 731 1040 tanta
744 999 799 1059 per
811 976 925 1037 orbem

147 1078 298 1143 Gentibus
310 1075 477 1135 innumeris
491 1093 599 1134 omues
611 1074 715 1134 secisse
726 1072 883 1155 legantur?

146 1173 188 1236 Ει
201 1171 291 1233 simul
301 1167 468 1240 indociles,
483 1166 762 1245 doctosquetaudire
776 1177 921 1225 moneret

148 1265 340 1348 Supplicium
355 1274 422 1342 post
436 1261 548 1343 grande
563 1261 675 1333 erucis,
691 1262 881 1339 reditumque
898 1279 1037 1340 supernae
1077 1255 1078 1328 ι

147 1361 239 1422 Lucis
250 1360 287 1418 ad
299 1355 444 1416 aethereos
454 1365 582 1427 tractus,
595 1353 797 1430 thronumque
810 1354 951 1433 parentis

149 1452 301 1524 Coelestis,
315 1466 439 1510 vemens
451 1467 522 1509 uum
533 1445 650 1530 linguas
662 1446 823 1507 funderet
815 1445 896 1528 agnis
1077 1511 1078 1518 ἵ

148 1545 296 1627 Spiritus,
313 1542 414 1614 alme,
430 1554 515 1612 tuus,
530 1553 634 1601 nostro
647 1559 832 1601 commercia
847 1540 969 1599 mundo
1077 1613 1078 1616 Ἴ

149 1636 294 1701 Cousoua
307 1633 445 1694 dissimili
457 1633 618 1696 infundens
631 1655 771 1696 sermone
784 1633 891 1693 beatis.

147 1729 196 1791 Tu
205 1727 290 1790 Deus
302 1747 349 1803 es,
362 1747 451 1806 quem
461 1740 541 1787 terra
551 1728 654 1790 tremit
655 1748 767 1806 ‚quem
779 1728 913 1787 muudus
923 1728 1038 1798 adorat,
1077 1743 1078 1746 ¹

147 1822 193 1884 Te
206 1821 384 1895 mandante,
399 1819 506 1901 pluunt
518 1821 631 1896 nubes,
647 1834 676 1882 et
687 1821 724 1882 ab
738 1821 806 1902 igue
817 1835 1001 1895 coruscant,
1077 1863 1078 1892 ι

149 1915 280 2001 Surgere
294 1928 325 1975 tu
338 1925 465 1987 ventos,
479 1925 508 1973 et
520 1933 654 1976 creseere
668 1914 788 1975 turbine
800 1913 879 1975 lacto
1077 1915 1078 1918 ’

63 2061 68 2070 .
148 2009 312 2092 Praecipis,
326 2021 358 2070 ut
371 2006 484 2091 rapidae
497 2008 674 2088 perturbent
689 2021 793 2070 cuncta
805 2007 976 2089 procellae,

17 2093 18 2098 ἵ
48 2105 50 2110 ’
149 2105 191 2164 Ει
205 2123 291 2164 mare
306 2101 465 2165 caerealeum
479 2102 597 2183 rapiant
609 2122 699 2182 super
708 2102 819 2162 aethera
830 2101 945 2162 nimbi.

148 2198 198 2259 Τιι
214 2217 313 2260 rursus
327 2194 467 2277 reprimis
478 2193 583 2271 llatus,
598 2196 800 2258 recidentibus
811 2195 917 2270 euris,
1077 2263 1078 2270 ,

148 2289 189 2352 Et
201 2285 284 2352 mare
295 2311 482 2371 purpureum
496 2290 658 2370 tranquillo
670 2310 824 2352 marmore
840 2290 966 2366 tendis,
1077 2307 1078 2372 ζ

107 2393 111 2400 “
149 2385 196 2448 Ut
210 2398 278 2466 post
290 2403 348 2443 una
364 2383 432 2443 freti
444 2383 546 2445 ludant
557 2405 647 2466 super
659 2403 780 2463 aequora
793 2384 893 2467 pisces
905 2429 916 2459 ,

150 2479 287 2540 Horrida
297 2489 431 2538 monstra
444 2489 565 2553 natent,
583 2491 613 2539 et
626 2477 725 2538 bellua
738 2479 843 2561 gestiat
856 2477 977 2562 ingens.
1077 2507 1078 2512 ¹

192 2571 264 2633 lloe
274 2582 317 2630 est
329 2591 441 2651 nempe
455 2571 586 2648 lretum,
603 2575 682 2653 quod
696 2593 727 2634 se
740 2573 861 2647 divisit,
879 2587 912 2634 et
926 2573 1011 2636 baesb
1077 2607 1078 2624 ι

87 2699 88 2704 1
150 2667 186 2728 lu
199 2678 298 2750 partes
310 2663 381 2724 hinc
395 2663 465 2724 iude
479 2667 551 2728 duas
591 2667 720 2728 hebraea
730 2685 867 2750 propago
1077 2647 1078 2670 Χ

149 2762 252 2844 lmpia
262 2779 352 2846 regna
363 2758 453 2843 sugit,
468 2757 578 2822 Museo
592 2758 730 2844 principe
742 2761 857 2846 gentis,
1077 2759 1078 2804 t

148 2853 265 2917 Rursus
277 2875 360 2935 aquae
373 2856 496 2916 reduces
510 2869 649 2936 repetunt
661 2852 727 2917 loca
736 2855 835 2936 prisca
851 2853 991 2918 fluentes

151 2945 232 3008 Cum
246 2948 367 3030 fugitiva
379 2969 483 3010 manus
493 2951 530 3010 de
542 2947 681 3011 fluctibus
692 2947 793 3010 omnis
806 2949 947 3027 adesset,

150 3039 238 3103 Tunc
249 3042 401 3104 demersus
414 3043 480 3105 obit
492 3043 637 3124 populus,
655 3043 705 3123 qui
719 3061 796 3104 saeva
808 3043 937 3125 parabat

150 3133 351 3198 lsraelitarum
366 3135 471 3216 plebi,
498 3161 564 3218 quae
577 3139 652 3201 laeta
665 3151 813 3219 superstes
1077 3163 1078 3208 t
