2126 3848
205 375 208 378 ,
272 313 701 380 nurcnunrtuuns.
869 307 925 393 287

61 406 241 485 Verbum,
257 411 351 489 etqui
364 413 525 474 ambomm
538 411 660 495 spiritns
674 424 736 488 εει,
759 409 844 474 Βειιε
859 427 914 476 εει.

24 505 100 566 Una
116 505 294 583 eademque
306 505 418 581 trium,
433 507 576 586 quoniam
589 520 632 567 est
647 507 790 581 essentia,
804 529 869 588 quae
882 530 914 571 se

65 597 233 676 Numquid
247 597 292 659 vel
306 600 423 680 major,
438 600 486 660 vel
499 601 602 661 minor
613 621 676 660 esse
688 613 795 681 potest.

225 764 230 770 ⁸
403 709 405 713 ·
438 691 538 753 LIX.

24 785 126 846 Tales
141 803 161 844 a
174 781 336 860 Domino,
350 784 452 866 quales
464 785 648 861 formamur,
662 804 815 865 amamur,

68 879 157 940 Non
171 875 278 957 quales
289 879 398 939 nostris
409 880 570 941 exstitimus
581 879 704 942 meritis
812 943 819 952 ,

29 971 235 1047 Sanctificet,
250 972 373 1047 doceat,
388 973 518 1055 plantet,
533 974 622 1057 riget,
638 975 769 1051 excolat,
785 989 889 1052 ornet,

73 1065 120 1126 Et
132 1065 197 1125 sibi
210 1068 374 1146 perp-elno,
387 1068 469 1146 quod
482 1067 613 1148 placeat,
629 1067 716 1129 saciat
730 1091 737 1126 ε

35 1159 123 1220 Nam
135 1157 220 1218 nihil
231 1171 276 1219 εει
287 1159 437 1235 hominis,
452 1163 533 1240 qood
546 1161 634 1244 digne
646 1163 740 1242 possit
751 1163 864 1237 amari,

79 1249 231 1314 Perficiat
242 1252 405 1333 proprium
418 1255 450 1314 ni
464 1254 562 1314 bonus
576 1266 680 1314 auctor
693 1272 779 1335 opus.

457 1344 530 1408 tx.
580 1376 585 1386 =
838 1417 841 1424 ,

35 1441 173 1506 Artificc
184 1440 219 1500 in
232 1459 353 1501 summo
367 1440 431 1502 sine
440 1454 579 1522 tempore
593 1441 740 1522 temporis
751 1443 826 1503 ordo
841 1453 896 1521 est,

78 1535 187 1613 Inque
203 1532 274 1593 Deo
288 1550 389 1595 rerum
403 1553 466 1594 non
477 1535 570 1595 variat
582 1534 691 1610 series,

36 1628 190 1710 AEteruo
201 1627 316 1687 auctori
328 1627 417 1688 simul
429 1627 534 1688 adsunt
547 1628 651 1688 omnia
663 1645 804 1710 semper,
936 1699 943 1712 ¹

84 1720 178 1784 Cum
190 1739 251 1797 quo
264 1720 294 1779 in
309 1719 456 1800 sactorum
469 1733 513 1781 εει
525 1721 631 1781 ordine
642 1765 652 1798 ,
665 1721 808 1803 quidquid
820 1723 887 1784 erit.
933 1718 935 1721 ’

426 1810 548 1887 ΜΠ.
604 1872 610 1878 .

41 1906 247 1987 Principium
258 1907 363 1966 mnndi
375 1906 461 1968 Dens
475 1918 534 1982 est,
549 1925 609 1984 quo
622 1918 729 1969 cuncta
742 1919 917 1983 moventur,

86 2000 136 2062 Et
146 2021 216 2080 qnae
228 2000 391 2081 permittit,
405 2000 453 2062 vel
465 2001 567 2082 jubet,
580 2011 685 2059 auctor
697 1999 756 2081 agit
769 2023 775 2058 ι

48 2095 141 2156 Hinc
150 2093 360 2167 mutabilium,
371 2113 474 2154 rerum
487 2090 686 2152 immutabilis
699 2091 777 2151 ordo

90 2185 226 2248 AEterni
238 2186 329 2250 servit
341 2185 455 2269 legibus
466 2184 608 2258 artificis,

47 2283 154 2362 loque
164 2298 235 2341 snos
248 2279 321 2340 fines
334 2278 472 2360 procedit
485 2292 611 2358 quaeque
625 2275 779 2352 voluntat,

95 2373 131 2433 N
134 2394 168 2436 ec
178 2372 268 2434 variis
282 2373 396 2434 meritis
409 2373 522 2434 arbiter
534 2383 635 2451 aeqrrus
647 2371 740 2434 abest.

54 2467 166 2532 Corda
177 2487 299 2550 regens,
314 2467 391 2529 vires
402 2467 554 2542 tribuens,
568 2480 691 2548 peccata
702 2467 877 2545 remittens,

65 2639 70 2646 .
100 2560 357 2642 mittentium,
370 2559 550 2642 implacidus
562 2561 676 2622 timidis
687 2583 695 2632 3

53 2657 106 2718 Ut
118 2677 180 2717 nec
191 2675 279 2737 poena
292 2654 405 2716 malurn
417 2675 621 2738 quemquam,
635 2674 693 2716 nec
705 2653 802 2736 gloria
813 2656 925 2736 justum

102 2747 258 2830 Suscipiat
268 2750 327 2810 nisi
340 2769 408 2812 cum
422 2748 527 2825 laude,
543 2750 703 2810 ethonore
714 2747 786 2809 D'ei.

373 2879 375 2888 ,
450 2842 571 2903 LXII.
637 2835 643 2842 ⁸

57 2937 152 3000 Scire
165 2937 288 3011 volens,
303 2938 405 3016 inqua
419 2957 521 2998 rerum
533 2937 573 2998 sis
585 2949 670 3018 parte
684 2937 845 3011 locandus,
879 2929 886 2939 ⁵

103 3031 255 3105 Discute,
268 3031 340 3110 quid
351 3031 474 3108 timeus,
490 3030 598 3110 quidve
609 3031 646 3092 sit
658 3031 708 3106 id,
723 3031 805 3110 quod
816 3039 920 3092 amasr‘

59 3123 151 3187 Nam
162 3124 264 3190 cuncti
277 3124 335 3187 hoc
345 3125 465 3210 gemino
479 3136 639 3188 nascuntur
652 3125 758 3186 fomite
771 3135 888 3213 motus,
