2106 3846
147 319 205 391 add
404 320 765 375 taenearum
919 307 1019 370 mod.

144 417 272 478 Attrahit
285 459 295 491 ‚
307 428 337 476 et
349 415 589 496 terra-tempium
602 414 659 476 sibi
671 413 774 476 condit
788 413 819 472 iu
831 414 943 474 omnir

143 509 193 572 Sic
204 510 287 591 prius
297 509 429 570 immites
438 503 588 590 pupulos,
603 509 750 587 urbesque
761 505 895 568 rebelles

142 601 292 664 Vincente
301 603 452 664 obstantes
462 603 580 664 animoa
591 603 701 683 pietate
707 601 837 684 subegit.

144 695 219 756 Non
231 697 290 757 hoe
301 695 428 757 consilio
440 709 556 756 tantum
568 696 746 775 hortatuque
758 695 894 778 benigne

146 788 280 850 Suadeus
293 802 381 869 atque
395 792 523 863 doeens,
539 791 622 870 quasi
630 810 773 851 normam
787 787 879 870 legis
891 785 1016 846 haberet

144 879 267 942 Gratia:
283 881 344 943 Sed
353 897 470 944 mutans
482 885 561 944 intus
574 897 707 944 rnenoem
717 897 806 962 atque
819 881 1006 948 refnrrnaus,

142 971 263 1054 Vasque
275 997 387 1037 novum
401 998 435 1038 ex
447 977 542 1040 fracta
554 978 782 1062 fingens'virtute
793 975 931 1038 madi.

145 1065 220 1130 Non
233 1069 311 1138 istud
323 1072 455 1132 monitus
468 1069 577 1154 Legis,
589 1069 952 1150 nonuerbaProphetre‚

147 1160 223 1222 Non
235 1176 371 1244 praestata
382 1164 441 1224 sibi
454 1177 573 1244 praestat
585 1163 702 1222 Natura
713 1171 722 1220 :'
737 1162 798 1221 Sed
813 1181 892 1221 unus

147 1257 242 1335 Quod
251 1257 340 1333 fecit,
352 1257 467 1332 refieit‚
479 1269 633 1337 percurrat
645 1255 810 1338 Apostolus
822 1256 954 1329 orbern,

148 1345 315 1428 Pratitas,
329 1352 484 1426 maetas,
497 1351 631 1431 plantet,
645 1351 742 1432 riget,
757 1350 916 1429 inerepas,
932 1349 1023 1416 instet,

150 1441 279 1521 Quaque
293 1444 373 1503 viam
385 1445 478 1504 verbo
490 1455 650 1504 reseratam
663 1442 830 1524 invenerit,
846 1443 954 1502 intret:

148 1531 194 1594 Ut
205 1547 307 1596 tamen
313 1536 359 1596 his
372 1537 477 1596 studiis
487 1539 605 1598 auditor
617 1547 845 1617 promoveatur,

130 1649 135 1658 ¹
150 1625 226 1686 Non
239 1629 364 1703 doctor,
377 1650 476 1708 neque
486 1630 670 1709 discipulus,
684 1630 736 1688 sed
749 1627 860 1688 Gratia
869 1628 937 1690 sola

150 1716 273 1797 Efficit,
289 1722 380 1801 inque
392 1741 494 1804 graues
501 1720 755 1801 aduietrplantaria
766 1719 891 1781 istratus.

192 1812 269 1877 Hanc
281 1836 384 1876 semen
395 1816 465 1876 fidei
479 1815 612 1876 radicem
626 1815 744 1898 affigere
757 1814 856 1874 menti

150 1906 238 1988 Eque
248 1910 421 1972 muueordis
433 1909 564 1970 validum
577 1909 661 1990 jubet
674 1909 762 1968 edere
773 1927 913 1988 germen.

154 1999 229 2064 Haec
243 2005 449 2066 maturandam
461 2015 591 2084 segetem
603 2015 757 2079 seruatque
768 2002 914 2080 foretque
928 2046 937 2076 ‚

153 2094 204 2155 Ne
221 2087 327 2158 lolium
340 2096 503 2171 attributi,
522 2107 552 2156 et
563 2115 644 2156 ranae
659 2095 854 2156 dominentur
866 2115 985 2156 arene:

24 2273 25 2276 Ἴ
150 2185 201 2248 Ne
215 2202 318 2251 ventas
330 2192 460 2275 frangat,
471 2202 590 2251 torrens
600 2189 714 2264 trahat,
728 2203 824 2250 aestus
836 2191 965 2250 adurat:

149 2281 221 2340 Neu
234 2303 304 2344 cum
316 2306 348 2344 ae
359 2287 489 2345 nimium
501 2285 566 2344 laeta
580 2297 609 2344 et
618 2283 767 2365 pretortis
778 2284 811 2343 in
822 2282 920 2344 altum

150 2371 313 2448 Extulerit‚
328 2377 408 2457 turpi
420 2378 601 2457 procumbat
610 2377 808 2437 strataruina.

192 2463 234 2523 Et
247 2485 306 2524 nos
319 2467 374 2526 ista
387 2469 513 2548 (inquis)
526 2472 669 2532 sentimus
683 2473 720 2530 de
733 2471 869 2531 bonitate

154 2558 200 2617 Ac
212 2557 319 2619 virtute
333 2558 395 2619 Dei
409 2583 416 2619 ι
430 2582 495 2639 quae
508 2565 540 2622 ni
554 2564 709 2642 foveatque
722 2576 862 2646 regatque

154 2650 242 2729 Quos
255 2667 358 2728 vocat,
373 2666 402 2714 et
413 2667 490 2714 tutos
501 2667 625 2736 peceato
639 2669 757 2737 praestet
768 2658 805 2716 ab
820 2657 927 2730 omni,
958 2701 963 2714 .
1034 2723 1035 2743 ἶ

152 2741 184 2803 N
187 2765 227 2805 ou
240 2767 292 2808 sua
305 2749 434 2811 servabit
444 2769 626 2831 quemquam
640 2749 817 2829 prudentia,
831 2771 890 2812 nes
902 2771 935 2812 se

123 2909 126 2922 ,
153 2834 373 2903 Perficietsoiis
387 2858 498 2905 naturae
511 2845 623 2905 viribus
635 2843 725 2904 ullus.

154 2927 215 2992 Sed
227 2934 296 3011 qnia
307 2937 368 3015 jam
376 2937 408 2997 in
421 2938 509 2999 nobis
518 2951 547 2999 et
558 2939 633 2998 reite
647 2950 676 2998 et
690 2936 771 2998 nolle
780 2950 918 2999 creatum
931 2949 989 3010 est,

154 3025 340 3107 Arbitriique
355 3031 400 3090 sui
412 3053 471 3108 quo
486 3032 547 3092 vult
559 3033 714 3091 intendere
726 3043 827 3092 motus

156 3116 292 3182 Libertas
299 3123 391 3184 accita
404 3136 503 3204 potest
518 3169 528 3202 ‚
540 3124 692 3206 patuitque
705 3145 759 3204 per
771 3144 877 3188 aurem
914 3133 920 3142 '
