2102 3846
86 367 88 380 ,
188 313 247 386 154
325 317 797 394 ALc.En.Ay1T1POEMATUM
811 321 874 372 ΠΒ.
886 320 929 374 111.
948 332 972 371 v.
982 307 1024 382 lul.

182 420 319 486 Pelletur
330 415 443 479 validus
455 415 603 478 medicato
614 436 743 498 corpore
755 417 888 500 languor.

183 515 325 595 suscipe,
341 512 392 592 qui
405 531 467 571 non
480 511 525 570 vis
536 511 687 572 moriendi
696 505 830 574 crescere
841 532 956 587 causas,

182 609 270 690 Quos
284 598 418 671 consessa
430 604 485 666 tibi
497 605 624 689 gemitus
637 605 688 686 pia
699 613 822 689 'pectora
834 608 964 668 fundunt

179 703 227 763 Ut
238 702 390 782 quondam
401 711 520 773 tecum,
537 718 630 781 passae
642 700 696 760 sub
710 713 853 782 tempore
866 700 973 775 carnis,

178 796 337 871 Proximus
350 793 477 854 immani
491 795 664 875 dependens
678 793 778 876 stipite
791 797 917 876 praedo,
943 843 946 848 .

179 891 285 972 Quem
294 907 356 949 non
365 887 453 971 'culpa
467 887 523 949 tibi
534 887 666 950 similem
677 889 729 949 sed
742 908 832 970 poena
845 889 977 952 tenebat:

176 983 234 1047 Ille
248 997 348 1046 tamen
359 1003 450 1044 nexus
463 981 629 1056 membris,
643 1003 699 1044 uec
711 984 802 1044 corde
826 982 916 1066 ligato
930 1027 939 1059 ,

177 1077 219 1140 Et
232 1079 256 1141 si
267 1076 394 1141 confixas
408 1075 498 1138 clavis
512 1076 670 1137 extendere
681 1075 796 1158 palmus

109 1175 111 1178 ’
177 1172 253 1234 Non
267 1171 379 1253 potuit,
395 1169 471 1232 liber
486 1181 620 1253 mentem
634 1190 703 1231 curu
716 1189 790 1232 voce
803 1171 938 1231 tetendit.

178 1264 289 1348 Sicque
303 1285 370 1328 reus
380 1263 527 1326 scelerum
540 1264 613 1324 dum
627 1265 715 1347 digna
727 1257 847 1344 piacula
856 1262 974 1347 pendit,

177 1359 361 1444 Martyrium
373 1360 410 1418 de
423 1360 521 1418 morte
532 1357 622 1441 rupim
638 1356 685 1420 cui
698 1357 758 1418 fine
772 1359 869 1441 sagaci

177 1453 313 1516 Maxima
326 1471 396 1514 cura
407 1449 464 1510 suit
475 1450 547 1512 tales
561 1471 623 1512 non
636 1452 764 1534 perdere
775 1472 900 1534 poenas,

178 1545 339 1628 Praeripuit
349 1544 492 1607 scandens
503 1545 634 1621 aditum,
648 1545 782 1626 coeloque
796 1546 939 1609 levandus

178 1641 282 1702 Ardua
293 1637 415 1700 sublimi
427 1638 522 1700 tenuit
534 1640 716 1722 compendio
728 1640 813 1702 saltu.

178 1732 306 1816 Porrige
318 1732 361 1793 sic
372 1731 460 1793 nobis
473 1732 603 1809 celsam,
616 1745 702 1815 pater
714 1734 844 1820 inclyte,
858 1738 988 1798 dextram.

179 1826 212 1889 N
215 1847 248 1890 os
261 1846 380 1908 quoque
393 1839 546 1909 perpetuu
557 1827 713 1907 conquirat
724 1829 784 1890 vita
794 1829 901 1908 saluti,

180 1925 280 2005 Atque
293 1922 443 2007 profanati
456 1923 588 2002 deceptis
599 1921 702 1986 fraude
713 1923 855 2001 latronis,
898 1929 906 1950 ‘

182 2019 250 2084 Ceu
260 2018 316 2080 tibi
328 2035 484 2100 compasso
497 2015 642 2079 miserans
654 2037 793 2082 succurre
803 2018 925 2082 latroni.

182 2114 291 2204 Liv'da
301 2132 376 2194 quos
384 2109 477 2174 hostis
490 2110 626 2194 paradiso
641 2111 756 2194 depulit
768 2113 830 2188 ira,

184 2206 310 2288 Fortior
320 2206 449 2287 autiquae
462 2205 566 2268 reddat
577 2217 625 2268 tua
637 2207 730 2288 gratia
739 2207 812 2270 sedi.
