2172 3862
31 247 161 370 vuultu.
188 325 218 344 ›-
267 307 334 360 ΒΕ
367 296 474 359 nuo
508 307 604 359 niu.
636 308 717 362 111.
876 301 936 384 479

42 400 162 485 Exigit,
176 415 206 463 et
218 403 285 466 vitae
296 403 418 484 prodest
428 401 483 462 sub
493 401 579 464 laude
591 403 705 463 lutura.

86 495 197 557 Juditlt
213 497 416 558 Hololemem
427 497 682 558 castissimafiuxit
693 517 777 560 amar
831 491 834 542 ἶ
885 532 888 540 ·

45 587 155 651 Castra
168 591 251 652 ducis
263 585 423 652 metuenda
434 589 647 673 virisingressa
656 591 770 676 virago.
805 621 806 628 κ
845 583 868 620 ‘⁴³

42 682 131 744 Inter
141 683 301 768 belligeros
316 684 470 758 fremitus,
486 697 514 744 et
529 684 586 744 tela
598 680 741 760 cruenta5
767 713 770 718 ·

41 775 131 837 Inter
144 791 174 839 et
186 778 330 840 euelleras
342 797 420 839 saevo
433 775 594 840 snb'marte
609 777 740 842 catervas
761 806 764 817 ¹
817 819 819 824 -
857 800 860 806 ·
878 792 905 862 χ·

41 871 216 953 Ingreditur
227 872 331 933 vestita
341 871 399 932 lide
408 891 420 948 ‚'
433 873 536 935 vestita
550 873 685 954 pudore,

41 965 87 1026 Et
100 969 182 1046 quod
193 979 274 1027 tanta
285 962 391 1028 manus
402 987 465 1028 nun
476 979 520 1028 est
533 983 672 1051 aggressa·
680 966 831 1043 vitorum,

41 1059 78 1122 N
80 1073 148 1122 octe
159 1060 214 1122 sul)
227 1056 353 1122 obseura
364 1061 491 1142 perfecit
502 1061 614 1122 femina
625 1059 709 1137 sola,

40 1151 86 1213 Et
100 1154 176 1216 duee
190 1155 326 1216 truncatu
338 1153 473 1216 viduavit
484 1165 577 1227 eastra
589 1152 719 1236 tyranni.

41 1245 125 1326 Quae
139 1261 229 1328 caput
243 1265 428 1328 apprensum
440 1247 576 1328 proceris
586 1246 716 1327 portavit
730 1247 767 1307 ad
778 1246 907 1308 urbem:

42 1341 171 1403 Civibus
184 1338 335 1402 una'dedit
347 1362 417 1404 cum
427 1341 569 1403 libertate
583 1339 780 1422 triumphum.

44 1432 200 1495 Femineo
212 1453 357 1496 mucrone
371 1434 451 1517 perit
462 1437 518 1496 dux
533 1435 636 1510 fortis,
651 1447 681 1495 et
693 1436 802 1509 audax,
902 1441 905 1448 ‘

45 1527 156 1608 Quem
170 1527 232 1590 nun
244 1528 324 1589 bella
336 1530 479 1604 domant,
493 1529 610 1590 domuit
620 1527 769 1609 promissa
780 1527 935 1608 voluptas,

43 1621 127 1684 llaec
139 1635 258 1703 sperata
270 1621 360 1698 licet,
381 1642 444 1682 nou
457 1634 500 1682 est
513 1622 646 1703 perlecta
658 1620 771 1683 libido:

39 1714 83 1776 Et
97 1727 186 1778 certae
198 1715 294 1777 noetis
306 1735 410 1796 poenas
422 1738 441 1797 p
452 1712 576 1776 ersnlrit
587 1713 721 1791 adulter,

39 1807 225 1890 Impullutus
235 1809 332 1870 adhuc
349 1809 435 1869 nullo
447 1810 502 1871 suh
514 1808 641 1870 crimine
653 1809 732 1870 laeti.

83 1900 264 1964 Semiramis
277 1901 393 1979 dulces,
410 1901 496 1962 Nino
510 1901 628 1961 viduata
641 1900 772 1976 marito,

36 1996 158 2058 Invasit
169 1995 315 2057 thalamus
326 2037 336 2072 ,
349 2007 380 2055 et
393 2013 518 2077 regnum
530 1993 625 2074 prolis
635 2006 750 2056 amatae.

35 2087 171 2150 Exhibet
184 2088 288 2150 infelix
303 2089 417 2150 incesto
431 2100 555 2168 pectore
569 2087 716 2164 matrem3

35 2179 80 2243 Et
95 2181 155 2243 sibi
169 2202 270 2244 socrus
282 2192 348 2242 erat
358 2180 401 2240 fili
421 2181 593 2262 turpissima
604 2183 728 2264 conjux:

38 2275 136 2337 Bella
149 2275 198 2334 diu
210 2275 299 2358 gessit
310 2277 452 2356 juvenem
464 2275 591 2336 mentita
602 2274 657 2336 sub
666 2274 767 2336 armis.

83 2346 166 2454 Quis
179 2380 265 2450 neget
276 2368 359 2428 iratae
372 2366 517 2452 Tomyris
530 2368 665 2432 crudelia
680 2367 762 2430 bella
842 2369 846 2391 '

40 2461 129 2524 Cum
143 2463 217 2522 duee
231 2481 387 2542 persarum
401 2459 485 2546 Cyro
500 2463 555 2524 sub
568 2462 655 2524 laude
668 2461 805 2544 peracta?

41 2553 150 2615 Ultrix
163 2556 238 2618 faeta
251 2556 295 2616 sui
309 2568 377 2637 post
387 2556 483 2616 tristia
497 2556 601 2618 lunera
615 2557 695 2632 nau,
709 2553 712 2557 ’

881 677 886 703 l
946 680 956 709 t

44 2647 135 2709 Dum
151 2649 248 2732 regale
260 2650 349 2730 'eaput
361 2649 516 2710 dimissum
530 2651 671 2734 sanguine
685 2649 780 2712 multu

39 2741 161 2805 Clausit
168 2743 199 2801 in
214 2757 278 2804 utre
293 2762 402 2818 cruor,
424 2765 514 2822 quem
529 2764 613 2804 mens
624 2745 729 2804 furiata
737 2743 843 2808 dolore

37 2835 195 2910 fuderat,
209 2836 368 2898 innumera
381 2838 525 2918 ju'venum‘
536 2837 651 2900 cervice
664 2837 769 2900 recisa.

80 2926 172 2989 Casta
182 2930 263 3008 quod
275 2928 401 2992 Evadne
414 2929 484 2991 secit
497 2927 652 3011 Capaneia
663 2933 788 3013 conjux,
893 2977 895 2982 ,

33 3021 124 3083 Dum
143 3035 213 3102 post
229 3023 408 3104 sulphureos
421 3021 540 3104 jaculati
553 3023 687 3084 fulminis
699 3024 773 3088 ictus
787 3043 790 3054 ·

33 3114 167 3199 Ignibus
181 3117 325 3198 appositis
338 3119 478 3180 arderent
491 3138 556 3183 ossa
570 3118 690 3195 mariti,
