2172 3862
52 303 699 368 v.525..ueonoi1u111.
874 304 931 378 481

52 405 173 470 Omnia
184 431 254 472 cum
267 410 369 485 tollat,
385 409 557 489 minuatque
569 397 689 470 volatile
703 420 838 489 tempus,
905 473 908 478 ,

50 500 245 566 incrementa
252 503 356 580 Deus,
370 502 418 564 vel
430 504 619 567 decrementa
632 514 765 574 recusem

51 593 141 656 idern
153 617 273 678 semper
285 599 358 672 erit,
369 599 522 676 nunquam
536 594 688 656 mutabilis
700 614 782 670 aevo,
828 635 829 640 κ

51 685 117 768 Qui
130 710 200 752 cum
207 692 245 751 sit
253 691 424 766 Dominus,
436 711 468 750 se
481 689 542 752 rult
557 701 658 750 tamen
669 709 731 750 esse
744 699 909 768 parentem·

46 779 195 858 Exhibet,
208 785 376 865 impendit,
391 784 521 865 praebet,
539 795 682 857 testatur,
700 782 821 864 adoptat

45 873 81 935 N
85 895 120 935 os
127 877 241 958 genitos
252 879 383 939 vocitare
396 897 482 938 suos:
497 895 554 936 nos
568 896 638 958 ergo
652 874 755 938 fideles
776 931 778 935 .

44 966 164 1031 Vivere
177 971 352 1044 debuimus,
364 984 505 1050 tanquam
519 969 640 1030 factoris
654 969 773 1052 imago,

46 1062 371 1142 Quosdecent·fuct'ura
379 1063 440 1124 Dei
453 1064 563 1144 pietate
573 1063 720 1146 magistra.

89 1153 156 1215 Rex
166 1157 233 1236 pie,
249 1154 416 1218 belieotum
430 1145 572 1222 comitata
587 1157 721 1238 potentia
731 1154 855 1236 supplex

43 1247 120 1323 Fit,
133 1252 332 1330 quodeunque
344 1254 429 1333 jubes
443 1251 588 1318 :effectus
598 1251 676 1332 jussa
688 1237 860 1326 sequuntur.

44 1341 114 1403 Stat
127 1343 273 1405 famulans
281 1358 385 1406 nature
393 1343 484 1420 Deo,
498 1354 668 1409 constructe
678 1340 851 1417 elementis,

43 1434 78 1494 N
80 1439 160 1497 escis
173 1481 182 1512 ,
195 1438 266 1515 quid
279 1438 402 1518 jubeas,
416 1439 514 1502 donec
523 1448 672 1520 praecepte
682 1445 805 1516 repente

42 1528 175 1604 Audiat,
188 1543 218 1590 et
230 1530 369 1592 Domino
381 1533 466 1592 citios
479 1552 585 1612 perere
597 1529 734 1604 laborat,
788 1578 791 1588 .

41 1621 203 1684 Exsultens
212 1624 330 1704 jussisse
342 1625 419 1699 sibi,
430 1625 529 1707 gavise
536 1624 696 1696 ministrat,
786 1689 793 1705 Ι

41 1713 169 1777 Perficit
181 1717 314 1797 injuncte
326 1717 446 1797 placido
456 1737 597 1780 sermone
605 1713 736 1798 jubentis
748 1757 758 1791 ,

40 1806 83 1868 Et
96 1828 198 1869 rerum
206 1822 311 1870 notura
322 1831 432 1891 parens
445 1811 588 1874 famulate
599 1808 767 1886 tremiscit,
847 1864 851 1872 .

41 1899 105 1962 Per
116 1904 293 1982 quemcelsa
305 1902 387 1984 poli,
398 1904 504 1977 tellus,
518 1923 621 1977 mare,
635 1903 732 1962 sidera
747 1915 901 1982 constant,

38 1992 81 2057 Et
95 1998 182 2079 gestit
192 1997 303 2057 servire
316 2016 436 2076 pareus.
452 1995 555 2075 Quota
564 1996 666 2076 portio
678 2017 780 2080 rerum

38 2089 111 2151 Nos
121 2110 223 2150 sumus
233 2091 358 2150 audaces
368 2132 380 2165 ,
389 2101 422 2150 ut
433 2103 661 2159 contemnamus
673 2090 782 2152 acerbe

39 2182 210 2264 Imperium
223 2181 342 2260 coeleste
357 2185 478 2246 truces?
492 2196 642 2264 praeceptn
656 2196 796 2263 sequatur

38 2274 70 2337 N
74 2289 175 2350 ostra,
188 2275 309 2355 Deique
321 2275 412 2340 simul
424 2321 433 2352 ,
446 2277 498 2355 qui
512 2275 573 2338 vult
583 2319 593 2351 ,
605 2296 657 2336 sue
670 2290 739 2342 vote
752 2277 863 2350 uenire.

84 2365 165 2429 Cum
177 2389 232 2430 nos
243 2371 322 2450 jesse
334 2367 474 2435 Deifieri
487 2370 709 2438 contemnimus
720 2368 819 2447 ultro,

37 2461 110 2524 Nec
119 2463 343 2544 sumosigneri,
356 2465 430 2543 quid
441 2465 479 2524 sit
492 2465 555 2538 ses,
570 2464 679 2543 quidve
691 2463 837 2527 nefastum
850 2468 869 2541 ,'

37 2555 128 2618 Gens
141 2555 281 2616 sceterata
290 2577 391 2618 sumus
404 2556 469 2633 ,nil
484 2558 520 2618 de
533 2558 644 2638 pietate
659 2572 816 2620 merentes.
913 2587 917 2594 =

38 2649 189 2729 Quorum
197 2649 314 2728 primus
326 2669 380 2730 ego
394 2649 461 2730 plus
474 2671 564 2730 quam
575 2665 716 2731 peccator
729 2652 891 2724 habendus.

38 2740 176 2821 Quando
183 2741 306 2802 :fatebor
318 2741 400 2802 euim
417 2743 586 2817 ,scelerum
609 2742 699 2816 simul
710 2763 773 2804 esse
787 2743 901 2806 reatini

36 2833 177 2898 Pectoris
190 2877 200 2912 ,
212 2849 243 2898 et
254 2834 351 2897 cernis
362 2837 375 2896 ἓ
388 2855 449 2899 noo
462 2836 486 2896 si
500 2835 575 2896 mihi
589 2836 685 2896 ferrea
698 2857 753 2896 vox
761 2837 798 2896 sit
809 2881 818 2912 ,
866 2905 869 2912 ⁴

38 2925 109 2988 Ora
121 2941 167 2991 tot
179 2939 352 3012 exsurgant,
368 2933 441 3007 q'uot
453 2929 556 2990 dentes
567 2929 681 2990 ossibus
691 2928 811 3005 albent,

36 3023 102 3082 Aut
112 3022 187 3082 mihi
198 3022 257 3084 siut
265 3023 391 3106 tingue,
404 3035 530 3101 quantos
543 3037 632 3105 eaput
644 3043 735 3084 omne
747 3023 872 3105 capillos

38 3113 204 3194 Pectines,
219 3115 597 3197 exptebonumerumsine
609 3117 712 3200 fraude
722 3116 850 3181 fidetem.

612 3207 776 3282 ..a
