2198 3844
38 337 156 420 v.317.
244 345 441 400 CARMEN
472 346 734 400 PASCHALE.
887 351 923 416 71

34 439 215 502 Promernit
225 439 307 500 nasci
318 441 465 500 mnndum
476 483 484 515 ,
495 454 582 518 atque
595 451 748 522 resurgere
758 433 923 504 Christum.
1020 447 1023 454 '

40 533 178 616 Septima
189 551 262 594 narn
275 531 403 594 Genesis
418 554 486 594 cnm
499 533 571 596 dicit
582 534 721 604 sabbata,
735 530 845 606 claret,

40 627 134 690 Hunc
147 626 232 688 orbis
245 638 335 706 caput
347 647 410 686 esse
419 627 519 701 diem,
535 632 624 706 quem
637 627 732 710 gloria
747 627 840 710 regis,
904 616 915 628 ⁰

42 723 134 785 Nunc
145 723 239 782 etiarn
251 721 370 802 proprii
383 722 497 781 donans
508 721 622 804 fulgore
633 723 778 802 trophaei,

44 818 217 879 Primatum
226 815 359 878 retinere
371 814 468 886 dedit3
482 816 540 877 hoc
551 816 673 877 luminis
685 829 753 877 ortu

45 911 136 994 Virgo
147 929 278 992 parens,
289 908 412 988 aliosque
426 909 515 970 simul
526 931 596 972 cum
608 931 734 972 munere
747 921 857 970 matres

48 1003 155 1066 Mensis
164 1003 352 1076 aromatite,
365 1017 471 1063 notum
485 1015 593 1087 uenere
605 1018 757 1088 gementes

45 1100 95 1160 Ad
105 1097 276 1171 tumulum,
290 1099 580 1176 vacuumquevident
592 1102 653 1182 jorn
664 1119 794 1180 corpore
806 1098 932 1176 lactum,

50 1190 111 1253 Sed
119 1192 247 1274 plenum
260 1190 368 1250 virtute
381 1190 491 1252 locum.
505 1191 590 1252 Nam
602 1193 709 1254 missus
722 1193 759 1252 ab
771 1192 855 1252 nstris

41 1284 176 1367 Angelus
187 1282 281 1343 amoti
293 1283 440 1344 residebat
453 1286 568 1346 vertice
581 1287 661 1360 saxi,

43 1377 227 1438 Flammens
234 1388 372 1456 aspectu,
386 1377 475 1438 niveo
488 1380 649 1460 praeclarus
661 1377 781 1440 amictu.

45 1471 109 1551 Qui
120 1470 352 1554 geminespecie
363 1482 530 1548 terrorem,
546 1487 575 1534 et
587 1474 692 1556 gaudia
705 1486 846 1554 portans,

46 1564 222 1643 Cunctaque
234 1563 424 1643 dispensans,
440 1568 611 1628 custodibus
623 1568 690 1650 igne
703 1568 853 1627 minacem
911 1636 912 1642 ἵ

46 1658 180 1720 Venerat
190 1657 223 1716 in
235 1656 384 1732 somnam,
399 1655 554 1720 Christum
566 1661 767 1740 qnaerentibus
777 1659 888 1720 albam.

44 1751 109 1813 lllae
119 1752 212 1834 igitur
226 1749 397 1810 Dominum
405 1751 515 1813 calcata
527 1754 628 1814 vivere
641 1765 751 1815 morte·

46 1845 192 1928 Angelica
205 1845 337 1904 didicere
347 1843 405 1904 lide
417 1867 424 1910 t
439 1847 616 1925 perterritus
628 1861 729 1908 nutem

45 1938 138 2000 Miles
150 1939 182 1998 in
196 1938 319 2016 ancipiti
329 1939 437 1998 retinet
448 1940 621 2000 discrimine
632 1940 744 2015 vitam,
845 1963 852 1972 ’

44 2033 175 2094 Deserta
184 2031 311 2091 statione
322 2031 421 2112 fugax,
435 2033 575 2110 testisque
588 2033 707 2092 timoris

45 2124 126 2186 Vera
139 2124 234 2184 refert
244 2124 349 2206 gratim
360 2138 518 2204 postquam
532 2127 599 2184 data
610 2143 757 2198 munera,
771 2121 857 2182 fallit.

48 2217 301 2300 Discipulumque
313 2214 435 2300 globum
449 2218 559 2300 placidi
573 2219 626 2280 sub
640 2229 779 2300 ternpore
788 2217 890 2278 somni

50 2309 136 2373 Clam
150 2311 209 2372 sibi
223 2324 370 2372 nocturna
380 2305 538 2373 Christum
547 2314 719 2374 abstrusisse
733 2311 847 2392 rupino¹
910 2355 923 2380 ,

51 2405 248 2488 Compositus
255 2403 410 2465 simulator
422 2405 472 2466 eit.
488 2405 579 2482 Fare,
594 2407 735 2488 improbe
744 2418 861 2479 custos,

51 2498 230 2582 Responde,
244 2497 385 2558 scelerata
396 2499 519 2574 cohors,
535 2502 559 2560 si
573 2499 724 2576 Christus,
739 2513 770 2560 nt
781 2500 877 2560 nudes·
920 2579 925 2586 ι

51 2589 180 2666 Dicere,
195 2591 337 2653 concln'so
351 2592 453 2652 furtim
469 2595 629 2673 productus
641 2595 678 2654 ab
692 2606 802 2669 antro,

54 2682 173 2767 Sopitos
186 2685 288 2758 tatuit,
300 2687 381 2766 cnjus
391 2687 470 2767 jacet
482 2687 560 2748 intus
571 2687 716 2761 amictus,

55 2775 144 2861 Cujus
157 2779 195 2838 ad
208 2778 324 2850 exonios
338 2780 421 2839 sedet
431 2779 581 2862 Angelus?
594 2801 670 2840 anne
683 2779 765 2842 beati

53 2869 200 2953 Corporis
210 2871 327 2931 ablator
336 2871 469 2934 velocius
477 2893 540 2935 esse
553 2871 667 2955 putavit
704 2917 706 2927 1
756 2899 759 2906 ¹

53 2961 177 3026 Solvere
194 2975 384 3040 contectum,
398 2986 487 3044 quam
502 2967 656 3029 devectare
669 2967 817 3050 ligarunt

54 3053 130 3118 Cum
146 3077 233 3135 mora
246 3058 284 3118 sit
298 3058 383 3119 furtis
396 3061 544 3121 contraria
556 3105 564 3136 ,
577 3063 689 3123 evantius
702 3081 774 3144 ergo

55 3147 131 3212 Com
146 3148 287 3216 Domino
299 3165 424 3234 potuere
438 3154 531 3238 magis
542 3152 595 3218 sua'
605 3153 783 3220 linten'tolli.
