2102 3846
151 301 209 370 168
387 305 494 362 tue
529 308 602 362 uu.
637 309 792 364 tvrrt
923 301 1004 386 ιδῃ.

116 435 120 442 ·
147 410 470 502 Lameptumpopulus
483 431 490 468 ι
504 407 947 490 procurruntuudiquefletus‚
1025 437 1026 514 p

147 506 276 568 Pectora
284 505 465 579 tunduntur,
480 502 589 566 coelum
599 503 726 585 suspiria
737 503 870 584 pulsent.

76 595 78 604 ’
149 600 297 662 Mollibus
310 600 433 681 abjectis
448 596 582 662 Cilicum
595 600 666 658 daut
679 598 812 682 tegmina
822 611 917 672 seire,

147 695 244 774 Inque
254 695 338 756 cibos
350 695 505 769 cinerem,
519 693 725 777 lacrymasque
734 694 766 753 iu
778 692 895 775 poeula
905 693 1015 754 fundunt.

148 790 217 872 lpse
233 790 338 864 etiem,
355 791 459 873 diguus
473 787 524 848 tali
538 789 589 868 qui
602 802 742 868 tempore
754 780 903 870 princeps
984 787 988 794 '
1027 774 1028 844 i

149 885 229 946 Ante
243 887 339 946 aciem
352 884 478 944 flentum
492 894 593 965 portet
604 883 709 944 vestita
720 882 842 959 salutis,

148 977 248 1058 Atque
261 1000 372 1040 novum
386 980 466 1041 dictu
480 992 617 1040 metuens
628 978 803 1040 discrimina
814 978 936 1051 vineat,
1028 962 1029 1020 i

67 1136 76 1148 x
149 1070 275 1154 Projieit
289 1075 359 1151 hinc
371 1086 541 1155 sceptrum,
557 1073 666 1152 linquit
678 1074 808 1134 sublime
819 1070 970 1146 tribunal,

151 1167 248 1230 Pallia
260 1170 419 1230 blattarum
430 1180 532 1249 spreto
543 1167 690 1228 diffibulat
701 1185 794 1243 auro,
1029 1150 1030 1244 i

153 1262 257 1326 Serica
270 1265 455 1346 despiciens,
466 1275 554 1342 atque
567 1279 672 1343 aspere
681 1263 815 1346 tegmina
828 1281 958 1325 sumens.
1029 1249 1030 1256 ἵ

156 1391 159 1402 ·
194 1359 234 1418 At
244 1359 312 1438 pius
322 1376 357 1418 etr
367 1357 427 1417 aito
441 1355 650 1436 contemplans
662 1356 734 1416 talia
745 1366 845 1418 rector

153 1450 276 1512 Exertas
286 1464 406 1512 revocat
419 1450 527 1510 sedatis
540 1450 672 1509 motibus
686 1449 763 1525 iras,
817 1467 821 1478 ·

153 1542 373 1623 Vibrstumque
388 1556 492 1604 tenens
504 1541 637 1603 restinxit
647 1543 760 1604 missile
772 1543 902 1607 fulmen.

153 1635 359 1718 Temporibus
369 1637 503 1718 propriis
512 1639 604 1718 justus
616 1637 658 1699 sic
671 1638 810 1700 eonditor
824 1659 904 1703 arcae

155 1729 269 1794 Securo
280 1731 360 1792 solus
371 1732 506 1792 timuisse
519 1731 654 1812 pericula
665 1733 779 1793 mundo

156 1825 326 1903 Gaudebit,
338 1826 431 1887 finem
445 1827 576 1900 cunetis,
589 1825 647 1886 sibi
662 1827 741 1895 serre
755 1817 903 1904 sulutem,

155 1921 316 1983 Diversum
329 1942 455 1982 cerneus
467 1921 568 1982 meriti
582 1921 755 1983 discrimine
767 1934 893 1984 sortem.

155 2015 238 2100 Ergo
253 2017 304 2079 ubi
314 2017 462 2079 silvestres
475 2037 544 2076 sexu
555 2014 676 2098 collegit
689 2029 816 2097 utroque

156 2109 341 2191 Inclusitque
355 2112 451 2187 serus,
465 2111 616 2192 pecudum
626 2122 697 2171 tunc
711 2110 793 2194 eligit
804 2109 855 2171 illa

159 2204 306 2279 Sumere,
321 2226 387 2282 quae
399 2205 516 2267 licitum
529 2216 572 2264 est
579 2203 680 2264 mandi
691 2247 700 2279 ‚
714 2204 762 2265 vel
770 2205 882 2265 munda
895 2210 1016 2267 vocantur·

159 2297 370 2359 Hinc-tantum
382 2310 506 2376 septena
518 2298 599 2358 dedit
611 2297 741 2359 virentis
754 2297 881 2360 claustro
893 2344 902 2375 ‚

160 2393 205 2453 Ut
216 2392 309 2451 ternis
322 2391 445 2470 paribus
455 2404 571 2452 servato
580 2393 696 2466 semiue
710 2392 815 2469 salvis,

120 2521 123 2527 ·
161 2485 299 2567 Septima
312 2505 378 2562 quae
390 2484 501 2545 fuerint
513 2487 605 2548 saeris
617 2489 797 2568 quandoque
808 2487 939 2548 litentur.

161 2579 202 2641 Et
212 2580 275 2662 jam
286 2578 382 2640 vitalis
396 2580 580 2642 concluserat
593 2583 697 2644 omnis
710 2599 828 2645 carcer:

165 2674 254 2737 'l'unc
265 2673 288 2734 J
290 2688 407 2753 ustum,
420 2688 601 2755 cunctosque
615 2697 701 2754 suos,
716 2686 876 2757 uetusque,
900 2681 1020 2746 uurustlue

166 2769 287 2852 Accipit
300 2785 471 2854 exspectaus
485 2770 663 2849 claustrum,
679 2773 803 2852 vitaeqtte
817 2770 951 2854 reponit:

165 2865 247 2926 Nam
261 2881 362 2926 servos
373 2869 509 2928 noudum
520 2869 641 2929 dederat
652 2880 756 2929 nutura
766 2865 867 2928 vocari
878 2909 887 2942 ‚

155 2958 234 3022 -Nee
246 2960 386 3021 dominos
398 2961 518 3023 famulis
531 2963 701 3024 discernere
713 2973 838 3022 noverat
850 2955 935 3022 ordo.

167 3052 289 3116 Primus
299 3054 381 3114 euim
395 3055 543 3119 maculam
556 3057 657 3119 servili
671 3056 795 3117 nomine
808 3045 912 3116 sensit

169 3147 266 3231 Hujus
276 3162 416 3234 ustorum
428 3151 561 3228 medius,
576 3152 627 3232 qui
640 3151 718 3212 sorte
729 3149 877 3214 cachinno
