2172 3862
33 295 155 359 v.225.
272 308 693 372 unumunurn
864 309 925 384 443

33 414 210 476 Auctorem
223 413 291 478 vitae
302 411 409 496 gaudet
422 410 548 472 stridore
562 409 674 472 minaci

35 503 192 569 Materies
203 507 323 568 laudare
336 504 439 579 necis,
453 515 761 585 poterasqoecreator

35 597 114 661 Non
130 621 261 683 angues,
275 620 338 660 non
352 618 443 659 omne
454 617 567 660 nocens
579 597 754 678 permittere
765 600 867 675 nasci,

34 691 81 753 Ut
92 695 173 755 vitas
185 694 344 756 hominurn
355 705 471 754 tanturn
483 711 637 752 ruorssua
645 690 770 752 tulisset.

34 781 101 847 Sed
115 807 176 848 nos
190 808 312 868 quoquc
322 787 365 848 rei
375 785 582 869 cognoscimus
593 785 697 846 omia
705 806 799 866 vare

33 879 165 942 Fecerit
179 879 233 942 ista
243 880 326 940 dari:
340 881 409 940 data
417 890 487 940 sunt
499 899 554 960 per
565 880 693 940 crimina
703 892 825 953 nostra,

34 971 135 1052 Quod
149 985 301 1056 praecepta
314 973 376 1035 Dei
389 973 500 1055 passim
513 974 735 1036 conterminus
748 993 872 1051 omnes,

35 1067 135 1146 Quod
147 1079 341 1148 peccatorem
352 1066 483 1128 retinent
493 1077 539 1126 tot
552 1066 649 1127 millia
659 1067 767 1130 vincla.

77 1158 153 1221 Nec
166 1161 258 1220 modo
294 1172 428 1222 secatum
439 1159 590 1240 subrepsit
602 1161 758 1234 moribus,
773 1161 869 1238 oiim,

35 1249 129 1314 Olim
142 1253 261 1334 primus
271 1181 365 1314 domo
378 1246 560 1314 uanscendit
570 1253 648 1332 juisse
661 1250 818 1313 Tonantis.

34 1343 192 1430 ingratus,
205 1345 382 1430 quiefactus
393 1357 458 1407 erat
468 1343 595 1408 coeieois
609 1346 710 1428 imago
723 1389 732 1421 ‚

33 1437 54 1496 J
56 1459 112 1500 ura
125 1440 283 1521 potestatis
295 1440 428 1501 retinens
440 1460 531 1520 super
544 1437 647 1498 omnia
658 1438 758 1514 solus,

34 1529 73 1590 Et
85 1553 213 1614 semper
221 1577 231 1610 ‚
239 1533 301 1595 nisi
312 1535 390 1618 jussa
403 1532 465 1594 Dei
478 1535 685 1595 contemneret
695 1535 797 1594 audax.

36 1624 217 1706 Mox-quam
229 1627 322 1690 ianus
335 1641 398 1689 erat
408 1626 494 1687 nudo
507 1639 651 1709 peccante
663 1639 795 1703 meatus,

35 1716 189 1783 Peccavit.
201 1719 287 1799 Quid
300 1741 354 1782 uos
365 1721 470 1782 miseri
482 1721 520 1781 de
531 1721 659 1782 crimine
671 1721 733 1782 nati
743 1721 770 1782 P,

36 1809 199 1893 Principio
212 1827 321 1875 nosrae
333 1826 474 1896 peccator
485 1812 610 1896 originis
621 1827 728 1876 ¹auctor

33 1903 210 1966 Damnatur
219 1908 273 1968 sub
283 1907 347 1990 iege
358 1908 440 1969 necis
450 1906 522 1981 ‚rel
536 1905 620 1968 clade
632 1904 770 1987 perenni.

35 1996 195 2082 Contigit,
210 2011 242 2060 ut
254 2000 343 2061 nobis
355 1999 548 2061 eimiiisineui
563 2017 653 2080 poena
663 2009 818 2073 maneret,

33 2089 104 2154 Nec
115 2091 223 2152 similis
233 2102 289 2154 nos
300 2093 390 2175 eulpa
403 2077 502 2154 tenet:
519 2090 614 2154 semei
627 2089 733 2153 incidit
745 2090 797 2153 itte

34 2181 109 2245 Una
122 2185 188 2267 lege
201 2205 286 2260 reus,
300 2205 356 2246 nos
368 2185 472 2246 multis
484 2184 600 2268 legibus
613 2203 698 2246 error

36 2275 232 2359 Contemptis
244 2278 354 2360 retinet
364 2279 498 2358 captivos
508 2291 589 2338 sorte
599 2291 708 2338 reatm.

77 2369 159 2430 Illud
171 2381 320 2452 praetereo
331 2414 341 2447 ‚
352 2372 435 2452 quod
446 2372 534 2452 parvi
548 2372 709 2453 pendimus
721 2389 847 2448 omnes,

36 2460 133 2542 Quod
145 2462 240 2540 credo,
252 2463 359 2525 tellure
371 2507 381 2541 ‚
405 2465 491 2525 iretis
502 2478 615 2544 ‚utque
628 2479 788 2544 semote,

35 2553 159 2638 ignibus
170 2555 328 2634 abaco,
350 2569 379 2618 et
392 2557 470 2618 lunae
483 2558 604 2642 dignior
611 2560 688 2622 orte

36 2647 92 2710 Est
102 2649 197 2710 homo
209 2692 218 2726 ‚
230 2671 323 2732 quem
335 2649 423 2711 libuit
433 2671 489 2732 per
502 2672 534 2714 se
544 2653 678 2714 formare
688 2652 870 2714 Tonantem.

35 2739 65 2800 N
68 2761 119 2802 am
132 2743 246 2806 diverse
259 2742 321 2805 Dei
333 2743 400 2804 sodo
411 2765 551 2806 sermone
565 2759 712 2807 creantur.

32 2833 118 2898 lliarc
130 2857 203 2899 voce
215 2851 314 2916 creat,
333 2857 388 2900 nos
399 2851 500 2899 autern
509 2839 670 2921 operosius
684 2849 775 2920 aptat.

34 2926 102 2991 Cur
110 2937 174 2992 no'n
185 2931 343 2999 deheim
351 2945 453 2994 sontes
467 2934 572 3016 pejora
584 2932 716 2995 mereri?

33 3021 142 3098 Addo,
155 3028 237 3104 quod
248 3027 413 3092 innumere
426 3040 540 3109 pestes,
554 3026 683 3088 mortale
697 3026 864 3101 minantes,
912 3097 918 3104 ,

31 3113 249 3180 Membrorum
261 3123 298 3183 de
309 3137 395 3204 parte
407 3123 541 3184 suadent
553 3141 631 3204 sepe
646 3121 779 3184 sadotem.
