<?xml version="1.0" encoding="UTF-8"?>
<!DOCTYPE html PUBLIC "-//W3C//DTD XHTML 1.0 Transitional//EN"
    "http://www.w3.org/TR/xhtml1/DTD/xhtml1-transitional.dtd">
<html xmlns="http://www.w3.org/1999/xhtml" xml:lang="en" lang="en">
 <head>
  <title>
</title>
<meta http-equiv="Content-Type" content="text/html;charset=utf-8" />
  <meta name='ocr-system' content='tesseract 3.04.00' />
  <meta name='ocr-capabilities' content='ocr_page ocr_carea ocr_par ocr_line ocrx_word'/>
</head>
<body>
  <div class='ocr_page' id='page_1' title='image "./caiicaeliisedul00sedugoog_0378.png"; bbox 0 0 2126 3848; ppageno 0'>
   <div class='ocr_carea' id='block_1_1' title="bbox 292 337 917 423">
    <p class='ocr_par' dir='ltr' id='par_1_1' title="bbox 292 337 917 423">
     <span class='ocr_line' id='line_1_1' title="bbox 292 337 917 423; baseline 0.013 -26"><span class='ocrx_word' id='word_1_1' title='bbox 292 343 540 402; x_wconf 69' lang='lat' dir='ltr'><strong>nisuonrn</strong></span> <span class='ocrx_word' id='word_1_2' title='bbox 570 353 653 404; x_wconf 81' lang='lat' dir='ltr'><strong>utu.</strong></span> <span class='ocrx_word' id='word_1_3' title='bbox 687 353 743 423; x_wconf 23' lang='grc' dir='ltr'>ιι..</span> <span class='ocrx_word' id='word_1_4' title='bbox 860 337 917 420; x_wconf 64' lang='lat'><strong>371</strong></span> 
     </span>
    </p>
   </div>
   <div class='ocr_carea' id='block_1_2' title="bbox 0 440 854 1114">
    <p class='ocr_par' dir='ltr' id='par_1_2' title="bbox 0 440 854 1090">
     <span class='ocr_line' id='line_1_2' title="bbox 19 440 807 530; baseline 0.009 -28"><span class='ocrx_word' id='word_1_5' title='bbox 19 454 138 504; x_wconf 84' lang='lat' dir='ltr'><strong>actus</strong></span> <span class='ocrx_word' id='word_1_6' title='bbox 151 440 186 500; x_wconf 87' lang='lat' dir='ltr'><strong>in</strong></span> <span class='ocrx_word' id='word_1_7' title='bbox 200 450 263 500; x_wconf 83' lang='lat' dir='ltr'><strong>arte</strong></span> <span class='ocrx_word' id='word_1_8' title='bbox 274 459 395 516; x_wconf 83' lang='lat' dir='ltr'><strong>eomes,</strong></span> <span class='ocrx_word' id='word_1_9' title='bbox 407 442 463 504; x_wconf 88' lang='lat' dir='ltr'><strong>sub</strong></span> <span class='ocrx_word' id='word_1_10' title='bbox 475 445 556 524; x_wconf 81' lang='lat' dir='ltr'><strong>cujus</strong></span> <span class='ocrx_word' id='word_1_11' title='bbox 571 445 701 530; x_wconf 85' lang='lat' dir='ltr'><strong>imagine</strong></span> <span class='ocrx_word' id='word_1_12' title='bbox 714 467 807 510; x_wconf 80' lang='lat' dir='ltr'><strong>causae</strong></span> 
     </span>
     <span class='ocr_line' id='line_1_3' title="bbox 0 533 806 615; baseline 0.017 -27"><span class='ocrx_word' id='word_1_13' title='bbox 0 539 51 598; x_wconf 85' lang='lat' dir='ltr'><strong>ic</strong></span> <span class='ocrx_word' id='word_1_14' title='bbox 70 533 243 598; x_wconf 82' lang='lat' dir='ltr'><strong>vocitatus</strong></span> <span class='ocrx_word' id='word_1_15' title='bbox 254 535 462 614; x_wconf 81' lang='lat' dir='ltr'><strong>erat,quttiive</strong></span> <span class='ocrx_word' id='word_1_16' title='bbox 479 538 605 600; x_wconf 82' lang='lat' dir='ltr'><strong>decorus</strong></span> <span class='ocrx_word' id='word_1_17' title='bbox 616 542 732 602; x_wconf 86' lang='lat' dir='ltr'><strong>bonore</strong></span> <span class='ocrx_word' id='word_1_18' title='bbox 745 555 806 615; x_wconf 87' lang='lat' dir='ltr'><strong>est,</strong></span> 
     </span>
     <span class='ocr_line' id='line_1_4' title="bbox 1 629 830 711; baseline 0.01 -23"><span class='ocrx_word' id='word_1_19' title='bbox 1 683 3 688; x_wconf 78' lang='grc'><strong><em>,</em></strong></span> <span class='ocrx_word' id='word_1_20' title='bbox 28 651 77 692; x_wconf 80' lang='lat' dir='ltr'><strong>ac</strong></span> <span class='ocrx_word' id='word_1_21' title='bbox 94 648 237 706; x_wconf 87' lang='lat' dir='ltr'><strong>quoque</strong></span> <span class='ocrx_word' id='word_1_22' title='bbox 247 641 332 709; x_wconf 87' lang='lat' dir='ltr'><strong>parte</strong></span> <span class='ocrx_word' id='word_1_23' title='bbox 343 629 482 709; x_wconf 76' lang='lat' dir='ltr'><strong>pleneus:</strong></span> <span class='ocrx_word' id='word_1_24' title='bbox 498 634 604 711; x_wconf 81' lang='lat' dir='ltr'><strong>aquiloe</strong></span> <span class='ocrx_word' id='word_1_25' title='bbox 617 648 720 696; x_wconf 87' lang='lat' dir='ltr'><strong>natura</strong></span> <span class='ocrx_word' id='word_1_26' title='bbox 734 635 830 696; x_wconf 87' lang='lat' dir='ltr'><strong>fidelis</strong></span> 
     </span>
     <span class='ocr_line' id='line_1_5' title="bbox 0 722 854 805; baseline 0.013 -28"><span class='ocrx_word' id='word_1_27' title='bbox 0 734 146 805; x_wconf 78' lang='lat' dir='ltr'><strong>ponte</strong></span> <span class='ocrx_word' id='word_1_28' title='bbox 157 722 257 803; x_wconf 83' lang='lat' dir='ltr'><strong>gerit,</strong></span> <span class='ocrx_word' id='word_1_29' title='bbox 271 723 353 802; x_wconf 83' lang='lat' dir='ltr'><strong>quod</strong></span> <span class='ocrx_word' id='word_1_30' title='bbox 364 722 463 786; x_wconf 82' lang='lat' dir='ltr'><strong>forma</strong></span> <span class='ocrx_word' id='word_1_31' title='bbox 473 737 554 787; x_wconf 82' lang='lat' dir='ltr'><strong>tenet</strong></span> <span class='ocrx_word' id='word_1_32' title='bbox 566 771 575 803; x_wconf 90' lang='lat'>,</span> <span class='ocrx_word' id='word_1_33' title='bbox 590 749 660 791; x_wconf 80' lang='lat' dir='ltr'><strong>nam</strong></span> <span class='ocrx_word' id='word_1_34' title='bbox 672 729 780 790; x_wconf 85' lang='lat' dir='ltr'><strong>debilis</strong></span> <span class='ocrx_word' id='word_1_35' title='bbox 792 749 854 789; x_wconf 84' lang='lat' dir='ltr'><strong>aero</strong></span> 
     </span>
     <span class='ocr_line' id='line_1_6' title="bbox 26 813 605 897; baseline 0.012 -21"><span class='ocrx_word' id='word_1_36' title='bbox 26 830 39 876; x_wconf 94' lang='lat' dir='ltr'><strong>t</strong></span> <span class='ocrx_word' id='word_1_37' title='bbox 51 813 242 876; x_wconf 79' lang='lat' dir='ltr'><strong>declinatis</strong></span> <span class='ocrx_word' id='word_1_38' title='bbox 251 815 335 876; x_wconf 84' lang='lat' dir='ltr'><strong>senio</strong></span> <span class='ocrx_word' id='word_1_39' title='bbox 348 818 409 897; x_wconf 86' lang='lat' dir='ltr'><strong>jam</strong></span> <span class='ocrx_word' id='word_1_40' title='bbox 420 818 531 882; x_wconf 80' lang='lat' dir='ltr'><strong>visibus</strong></span> <span class='ocrx_word' id='word_1_41' title='bbox 544 820 605 882; x_wconf 83' lang='lat' dir='ltr'><strong>ales</strong></span> 
     </span>
     <span class='ocr_line' id='line_1_7' title="bbox 24 909 845 998; baseline 0.007 -28"><span class='ocrx_word' id='word_1_42' title='bbox 24 909 262 970; x_wconf 85' lang='lat' dir='ltr'><strong>iammivomo</strong></span> <span class='ocrx_word' id='word_1_43' title='bbox 274 910 328 971; x_wconf 86' lang='lat' dir='ltr'><strong>sub</strong></span> <span class='ocrx_word' id='word_1_44' title='bbox 341 909 425 971; x_wconf 85' lang='lat' dir='ltr'><strong>sole</strong></span> <span class='ocrx_word' id='word_1_45' title='bbox 411 925 513 994; x_wconf 71' lang='lat' dir='ltr'><strong>·‚Jaeet</strong></span> <span class='ocrx_word' id='word_1_46' title='bbox 523 934 700 995; x_wconf 84' lang='lat' dir='ltr'><strong>pennasque</strong></span> <span class='ocrx_word' id='word_1_47' title='bbox 713 927 845 998; x_wconf 75' lang='lat' dir='ltr'><strong>gravatas</strong></span> 
     </span>
     <span class='ocr_line' id='line_1_8' title="bbox 25 1000 814 1114; baseline 0.003 -48"><span class='ocrx_word' id='word_1_48' title='bbox 25 1007 87 1084; x_wconf 78' lang='lat' dir='ltr'><strong>ius</strong></span> <span class='ocrx_word' id='word_1_49' title='bbox 102 1003 146 1062; x_wconf 89' lang='lat' dir='ltr'><strong>in</strong></span> <span class='ocrx_word' id='word_1_50' title='bbox 155 1000 229 1083; x_wconf 85' lang='lat' dir='ltr'><strong>igne</strong></span> <span class='ocrx_word' id='word_1_51' title='bbox 240 1000 321 1064; x_wconf 82' lang='lat' dir='ltr'><strong>soret</strong></span> <span class='ocrx_word' id='word_1_52' title='bbox 329 1017 558 1086; x_wconf 83' lang='lat' dir='ltr'><strong>‚nocturnaque</strong></span> <span class='ocrx_word' id='word_1_53' title='bbox 572 1008 687 1114; x_wconf 84' lang='lat' dir='ltr'><strong>lumina</strong></span> <span class='ocrx_word' id='word_1_54' title='bbox 699 1009 814 1090; x_wconf 78' lang='lat' dir='ltr'><strong>pandit,</strong></span> 
     </span>
    </p>
   </div>
   <div class='ocr_carea' id='block_1_3' title="bbox 4 1464 926 2662">
    <p class='ocr_par' dir='ltr' id='par_1_3' title="bbox 4 1464 787 1547">
     <span class='ocr_line' id='line_1_9' title="bbox 4 1464 787 1547; baseline -0.001 -16"><span class='ocrx_word' id='word_1_55' title='bbox 4 1468 77 1532; x_wconf 90' lang='lat' dir='ltr'><strong>Cui</strong></span> <span class='ocrx_word' id='word_1_56' title='bbox 92 1487 143 1528; x_wconf 85' lang='lat' dir='ltr'><strong>ne</strong></span> <span class='ocrx_word' id='word_1_57' title='bbox 158 1464 432 1547; x_wconf 65' lang='lat' dir='ltr'><strong>sonantemque</strong></span> <span class='ocrx_word' id='word_1_58' title='bbox 444 1468 575 1531; x_wconf 77' lang='lat' dir='ltr'><strong>fervidus</strong></span> <span class='ocrx_word' id='word_1_59' title='bbox 587 1470 787 1532; x_wconf 76' lang='lat' dir='ltr'><strong>inentitaestus</strong></span> 
     </span>
    </p>

    <p class='ocr_par' dir='ltr' id='par_1_4' title="bbox 4 1559 926 2196">
     <span class='ocr_line' id='line_1_10' title="bbox 4 1559 857 1647; baseline 0.005 -27"><span class='ocrx_word' id='word_1_60' title='bbox 4 1560 76 1622; x_wconf 86' lang='lat' dir='ltr'><strong>Per</strong></span> <span class='ocrx_word' id='word_1_61' title='bbox 88 1559 229 1620; x_wconf 82' lang='lat' dir='ltr'><strong>laticum</strong></span> <span class='ocrx_word' id='word_1_62' title='bbox 235 1561 391 1642; x_wconf 85' lang='lat' dir='ltr'><strong>purganda</strong></span> <span class='ocrx_word' id='word_1_63' title='bbox 399 1563 525 1638; x_wconf 81' lang='lat' dir='ltr'><strong>redum,</strong></span> <span class='ocrx_word' id='word_1_64' title='bbox 538 1574 584 1624; x_wconf 88' lang='lat' dir='ltr'><strong>ter</strong></span> <span class='ocrx_word' id='word_1_65' title='bbox 596 1563 739 1647; x_wconf 79' lang='lat' dir='ltr'><strong>mergitur</strong></span> <span class='ocrx_word' id='word_1_66' title='bbox 751 1562 857 1638; x_wconf 82' lang='lat' dir='ltr'><strong>undis,</strong></span> 
     </span>
     <span class='ocr_line' id='line_1_11' title="bbox 9 1651 926 1736; baseline 0.008 -24"><span class='ocrx_word' id='word_1_67' title='bbox 9 1652 53 1712; x_wconf 84' lang='lat' dir='ltr'><strong>Et</strong></span> <span class='ocrx_word' id='word_1_68' title='bbox 66 1651 208 1715; x_wconf 87' lang='lat' dir='ltr'><strong>senium</strong></span> <span class='ocrx_word' id='word_1_69' title='bbox 220 1653 345 1732; x_wconf 82' lang='lat' dir='ltr'><strong>deponit</strong></span> <span class='ocrx_word' id='word_1_70' title='bbox 352 1654 455 1732; x_wconf 85' lang='lat' dir='ltr'><strong>aquis,</strong></span> <span class='ocrx_word' id='word_1_71' title='bbox 467 1657 682 1736; x_wconf 83' lang='lat' dir='ltr'><strong>juvenemque,</strong></span> <span class='ocrx_word' id='word_1_72' title='bbox 695 1657 812 1720; x_wconf 84' lang='lat' dir='ltr'><strong>decoris</strong></span> <span class='ocrx_word' id='word_1_73' title='bbox 921 1689 926 1696; x_wconf 90' lang='lat'>·</span> 
     </span>
     <span class='ocr_line' id='line_1_12' title="bbox 6 1743 738 1830; baseline 0.008 -24"><span class='ocrx_word' id='word_1_74' title='bbox 6 1745 177 1829; x_wconf 82' lang='lat' dir='ltr'><strong>Effigiem</strong></span> <span class='ocrx_word' id='word_1_75' title='bbox 192 1743 317 1805; x_wconf 80' lang='lat' dir='ltr'><strong>defoute</strong></span> <span class='ocrx_word' id='word_1_76' title='bbox 328 1745 420 1820; x_wconf 77' lang='lat' dir='ltr'><strong>ierat:</strong></span> <span class='ocrx_word' id='word_1_77' title='bbox 434 1748 499 1825; x_wconf 85' lang='lat' dir='ltr'><strong>quis</strong></span> <span class='ocrx_word' id='word_1_78' title='bbox 513 1751 646 1830; x_wconf 87' lang='lat' dir='ltr'><strong>apertior</strong></span> <span class='ocrx_word' id='word_1_79' title='bbox 656 1763 738 1812; x_wconf 81' lang='lat' dir='ltr'><strong>actus</strong></span> 
     </span>
     <span class='ocr_line' id='line_1_13' title="bbox 6 1835 678 1920; baseline 0.007 -20"><span class='ocrx_word' id='word_1_80' title='bbox 6 1835 218 1920; x_wconf 80' lang='lat' dir='ltr'><strong>Reliigionis</strong></span> <span class='ocrx_word' id='word_1_81' title='bbox 229 1836 304 1912; x_wconf 83' lang='lat' dir='ltr'><strong>erit,</strong></span> <span class='ocrx_word' id='word_1_82' title='bbox 319 1841 389 1900; x_wconf 83' lang='lat' dir='ltr'><strong>cum</strong></span> <span class='ocrx_word' id='word_1_83' title='bbox 401 1840 464 1902; x_wconf 84' lang='lat' dir='ltr'><strong>veri</strong></span> <span class='ocrx_word' id='word_1_84' title='bbox 473 1840 592 1904; x_wconf 21' lang='lat' dir='ltr'><strong>&#39;lumine</strong></span> <span class='ocrx_word' id='word_1_85' title='bbox 605 1843 678 1905; x_wconf 86' lang='lat' dir='ltr'><strong>solis</strong></span> 
     </span>
     <span class='ocr_line' id='line_1_14' title="bbox 8 1929 741 2018; baseline 0.005 -26"><span class='ocrx_word' id='word_1_86' title='bbox 8 1929 227 2013; x_wconf 82' lang='lat' dir='ltr'><strong>Tangimur.‚</strong></span> <span class='ocrx_word' id='word_1_87' title='bbox 239 1929 353 2010; x_wconf 78' lang='lat' dir='ltr'><strong>antiqui</strong></span> <span class='ocrx_word' id='word_1_88' title='bbox 367 1935 503 2018; x_wconf 79' lang='lat' dir='ltr'><strong>contagia</strong></span> <span class='ocrx_word' id='word_1_89' title='bbox 516 1931 741 1998; x_wconf 79' lang='lat' dir='ltr'><strong>solvimuseeri·</strong></span> 
     </span>
     <span class='ocr_line' id='line_1_15' title="bbox 9 2021 725 2107; baseline 0 -21"><span class='ocrx_word' id='word_1_90' title='bbox 9 2023 208 2087; x_wconf 75' lang='lat' dir='ltr'><strong>Accedente</strong></span> <span class='ocrx_word' id='word_1_91' title='bbox 217 2021 275 2084; x_wconf 84' lang='lat' dir='ltr'><strong>fide</strong></span> <span class='ocrx_word' id='word_1_92' title='bbox 287 2022 294 2081; x_wconf 80' lang='lat' dir='ltr'><strong>i</strong></span> <span class='ocrx_word' id='word_1_93' title='bbox 306 2022 429 2107; x_wconf 84' lang='lat' dir='ltr'><strong>lympha</strong></span> <span class='ocrx_word' id='word_1_94' title='bbox 440 2047 512 2091; x_wconf 81' lang='lat' dir='ltr'><strong>mox</strong></span> <span class='ocrx_word' id='word_1_95' title='bbox 523 2040 618 2088; x_wconf 88' lang='lat' dir='ltr'><strong>matre</strong></span> <span class='ocrx_word' id='word_1_96' title='bbox 624 2029 725 2088; x_wconf 68' lang='lat' dir='ltr'><strong>⁴renati</strong></span> 
     </span>
     <span class='ocr_line' id='line_1_16' title="bbox 13 2113 763 2196; baseline 0 -16"><span class='ocrx_word' id='word_1_97' title='bbox 13 2113 255 2196; x_wconf 80' lang='lat' dir='ltr'><strong>Conspioimur</strong></span> <span class='ocrx_word' id='word_1_98' title='bbox 267 2115 398 2178; x_wconf 80' lang='lat' dir='ltr'><strong>novitate</strong></span> <span class='ocrx_word' id='word_1_99' title='bbox 412 2121 514 2192; x_wconf 63' lang='lat' dir='ltr'><strong>rodem</strong></span> <span class='ocrx_word' id='word_1_100' title='bbox 526 2120 651 2182; x_wconf 79' lang='lat' dir='ltr'><strong>infantia</strong></span> <span class='ocrx_word' id='word_1_101' title='bbox 662 2138 763 2182; x_wconf 84' lang='lat' dir='ltr'><strong>rursus</strong></span> 
     </span>
    </p>

    <p class='ocr_par' dir='ltr' id='par_1_5' title="bbox 13 2207 752 2292">
     <span class='ocr_line' id='line_1_17' title="bbox 13 2207 752 2292; baseline 0.003 -22"><span class='ocrx_word' id='word_1_102' title='bbox 13 2209 72 2270; x_wconf 79' lang='lat' dir='ltr'><strong>Fit</strong></span> <span class='ocrx_word' id='word_1_103' title='bbox 87 2207 232 2270; x_wconf 75' lang='lat' dir='ltr'><strong>recidiva</strong></span> <span class='ocrx_word' id='word_1_104' title='bbox 243 2208 331 2284; x_wconf 77' lang='lat' dir='ltr'><strong>steri,</strong></span> <span class='ocrx_word' id='word_1_105' title='bbox 345 2211 467 2292; x_wconf 85' lang='lat' dir='ltr'><strong>gemino</strong></span> <span class='ocrx_word' id='word_1_106' title='bbox 482 2212 673 2274; x_wconf 79' lang='lat' dir='ltr'><strong>manantibus</strong></span> <span class='ocrx_word' id='word_1_107' title='bbox 683 2224 752 2272; x_wconf 90' lang='lat' dir='ltr'><strong>ortu</strong></span> 
     </span>
    </p>

    <p class='ocr_par' dir='ltr' id='par_1_6' title="bbox 13 2298 792 2478">
     <span class='ocr_line' id='line_1_18' title="bbox 13 2298 792 2385; baseline 0.003 -23"><span class='ocrx_word' id='word_1_108' title='bbox 13 2301 89 2364; x_wconf 85' lang='lat' dir='ltr'><strong>Hic</strong></span> <span class='ocrx_word' id='word_1_109' title='bbox 101 2298 222 2361; x_wconf 88' lang='lat' dir='ltr'><strong>melior</strong></span> <span class='ocrx_word' id='word_1_110' title='bbox 234 2300 338 2362; x_wconf 82' lang='lat' dir='ltr'><strong>natalis</strong></span> <span class='ocrx_word' id='word_1_111' title='bbox 344 2304 444 2376; x_wconf 81' lang='lat' dir='ltr'><strong>adest,</strong></span> <span class='ocrx_word' id='word_1_112' title='bbox 459 2305 536 2364; x_wconf 87' lang='lat' dir='ltr'><strong>bene</strong></span> <span class='ocrx_word' id='word_1_113' title='bbox 548 2304 684 2364; x_wconf 86' lang='lat' dir='ltr'><strong>conscius</strong></span> <span class='ocrx_word' id='word_1_114' title='bbox 695 2302 792 2385; x_wconf 81' lang='lat' dir='ltr'><strong>buius·</strong></span> 
     </span>
     <span class='ocr_line' id='line_1_19' title="bbox 15 2391 789 2478; baseline 0 -22"><span class='ocrx_word' id='word_1_115' title='bbox 15 2394 125 2456; x_wconf 79' lang='lat' dir='ltr'><strong>Alitis</strong></span> <span class='ocrx_word' id='word_1_116' title='bbox 137 2391 278 2472; x_wconf 84' lang='lat' dir='ltr'><strong>exemplo</strong></span> <span class='ocrx_word' id='word_1_117' title='bbox 293 2413 403 2472; x_wconf 84' lang='lat' dir='ltr'><strong>‚quem</strong></span> <span class='ocrx_word' id='word_1_118' title='bbox 415 2394 537 2476; x_wconf 83' lang='lat' dir='ltr'><strong>spiritus</strong></span> <span class='ocrx_word' id='word_1_119' title='bbox 549 2395 608 2478; x_wconf 87' lang='lat' dir='ltr'><strong>egit</strong></span> <span class='ocrx_word' id='word_1_120' title='bbox 621 2394 758 2476; x_wconf 90' lang='lat' dir='ltr'><strong>opimam</strong></span> <span class='ocrx_word' id='word_1_121' title='bbox 788 2435 789 2438; x_wconf 56' lang='lat'><em>=</em></span> 
     </span>
    </p>

    <p class='ocr_par' dir='ltr' id='par_1_7' title="bbox 14 2484 886 2662">
     <span class='ocr_line' id='line_1_20' title="bbox 14 2484 789 2568; baseline 0 -20"><span class='ocrx_word' id='word_1_122' title='bbox 14 2487 56 2548; x_wconf 87' lang='lat' dir='ltr'><strong>ln</strong></span> <span class='ocrx_word' id='word_1_123' title='bbox 67 2484 198 2550; x_wconf 82' lang='lat' dir='ltr'><strong>cithara</strong></span> <span class='ocrx_word' id='word_1_124' title='bbox 206 2504 322 2548; x_wconf 83' lang='lat' dir='ltr'><strong>versare</strong></span> <span class='ocrx_word' id='word_1_125' title='bbox 334 2506 475 2548; x_wconf 86' lang='lat' dir='ltr'><strong>manum:</strong></span> <span class='ocrx_word' id='word_1_126' title='bbox 487 2487 680 2550; x_wconf 75' lang='lat' dir='ltr'><strong>renovaberis</strong></span> <span class='ocrx_word' id='word_1_127' title='bbox 692 2488 789 2568; x_wconf 86' lang='lat' dir='ltr'><strong>inquit</strong></span> 
     </span>
     <span class='ocr_line' id='line_1_21' title="bbox 16 2576 886 2662; baseline 0.002 -22"><span class='ocrx_word' id='word_1_128' title='bbox 16 2577 126 2642; x_wconf 78' lang='lat' dir='ltr'><strong>More</strong></span> <span class='ocrx_word' id='word_1_129' title='bbox 135 2576 264 2656; x_wconf 64' lang='lat' dir='ltr'><strong>aquile,</strong></span> <span class='ocrx_word' id='word_1_130' title='bbox 278 2598 335 2660; x_wconf 86' lang='lat' dir='ltr'><strong>qua</strong></span> <span class='ocrx_word' id='word_1_131' title='bbox 347 2579 412 2662; x_wconf 88' lang='lat' dir='ltr'><strong>lege</strong></span> <span class='ocrx_word' id='word_1_132' title='bbox 421 2580 511 2643; x_wconf 79' lang='lat' dir='ltr'><strong>&#39;datur</strong></span> <span class='ocrx_word' id='word_1_133' title='bbox 520 2581 650 2657; x_wconf 87' lang='lat' dir='ltr'><strong>sentire,</strong></span> <span class='ocrx_word' id='word_1_134' title='bbox 665 2580 800 2661; x_wconf 83' lang='lat' dir='ltr'><strong>probatis</strong></span> <span class='ocrx_word' id='word_1_135' title='bbox 882 2603 886 2611; x_wconf 64' lang='grc'><em>’</em></span> 
     </span>
    </p>
   </div>
   <div class='ocr_carea' id='block_1_4' title="bbox 15 2667 923 3223">
    <p class='ocr_par' dir='ltr' id='par_1_8' title="bbox 15 2667 923 2847">
     <span class='ocr_line' id='line_1_22' title="bbox 15 2667 923 2757; baseline -0.002 -23"><span class='ocrx_word' id='word_1_136' title='bbox 15 2671 138 2734; x_wconf 81' lang='lat' dir='ltr'><strong>Laude</strong></span> <span class='ocrx_word' id='word_1_137' title='bbox 152 2667 271 2751; x_wconf 85' lang='lat' dir='ltr'><strong>placere</strong></span> <span class='ocrx_word' id='word_1_138' title='bbox 284 2673 369 2755; x_wconf 84' lang='lat' dir='ltr'><strong>typi,</strong></span> <span class='ocrx_word' id='word_1_139' title='bbox 384 2674 465 2752; x_wconf 85' lang='lat' dir='ltr'><strong>quod</strong></span> <span class='ocrx_word' id='word_1_140' title='bbox 473 2673 592 2736; x_wconf 87' lang='lat' dir='ltr'><strong>firmant</strong></span> <span class='ocrx_word' id='word_1_141' title='bbox 606 2674 721 2736; x_wconf 81' lang='lat' dir='ltr'><strong>cantica</strong></span> <span class='ocrx_word' id='word_1_142' title='bbox 731 2673 809 2756; x_wconf 81' lang='lat' dir='ltr'><strong>justi.</strong></span> <span class='ocrx_word' id='word_1_143' title='bbox 919 2743 923 2757; x_wconf 31' lang='grc' dir='ltr'>ι</span> 
     </span>
     <span class='ocr_line' id='line_1_23' title="bbox 17 2760 759 2847; baseline -0.003 -19"><span class='ocrx_word' id='word_1_144' title='bbox 17 2765 52 2828; x_wconf 85' lang='lat' dir='ltr'>N</span> <span class='ocrx_word' id='word_1_145' title='bbox 56 2786 101 2828; x_wconf 84' lang='lat' dir='ltr'><strong>ec</strong></span> <span class='ocrx_word' id='word_1_146' title='bbox 117 2776 204 2829; x_wconf 80' lang='lat' dir='ltr'><strong>vacat</strong></span> <span class='ocrx_word' id='word_1_147' title='bbox 211 2783 260 2830; x_wconf 72' lang='lat' dir='ltr'><strong>,ars</strong></span> <span class='ocrx_word' id='word_1_148' title='bbox 271 2760 359 2825; x_wconf 87' lang='lat' dir='ltr'><strong>Pauli</strong></span> <span class='ocrx_word' id='word_1_149' title='bbox 369 2765 452 2828; x_wconf 87' lang='lat' dir='ltr'><strong>socio</strong></span> <span class='ocrx_word' id='word_1_150' title='bbox 466 2767 614 2830; x_wconf 83' lang='lat' dir='ltr'><strong>celebrate</strong></span> <span class='ocrx_word' id='word_1_151' title='bbox 624 2767 678 2830; x_wconf 90' lang='lat' dir='ltr'><strong>sub</strong></span> <span class='ocrx_word' id='word_1_152' title='bbox 691 2767 759 2847; x_wconf 86' lang='lat' dir='ltr'><strong>ipso</strong></span> 
     </span>
    </p>

    <p class='ocr_par' dir='ltr' id='par_1_9' title="bbox 18 2854 649 2944">
     <span class='ocr_line' id='line_1_24' title="bbox 18 2854 649 2944; baseline 0 -22"><span class='ocrx_word' id='word_1_153' title='bbox 18 2856 154 2922; x_wconf 81' lang='lat' dir='ltr'><strong>Secreti</strong></span> <span class='ocrx_word' id='word_1_154' title='bbox 167 2854 273 2918; x_wconf 86' lang='lat' dir='ltr'><strong>virtute</strong></span> <span class='ocrx_word' id='word_1_155' title='bbox 284 2857 377 2932; x_wconf 84' lang='lat' dir='ltr'><strong>boni;</strong></span> <span class='ocrx_word' id='word_1_156' title='bbox 393 2859 521 2920; x_wconf 81' lang='lat' dir='ltr'><strong>tentoria</strong></span> <span class='ocrx_word' id='word_1_157' title='bbox 536 2861 649 2944; x_wconf 82' lang='lat' dir='ltr'><strong>quippe</strong></span> 
     </span>
    </p>

    <p class='ocr_par' dir='ltr' id='par_1_10' title="bbox 16 2949 772 3130">
     <span class='ocr_line' id='line_1_25' title="bbox 16 2949 768 3036; baseline 0 -22"><span class='ocrx_word' id='word_1_158' title='bbox 16 2949 139 3014; x_wconf 82' lang='lat' dir='ltr'><strong>Fortia</strong></span> <span class='ocrx_word' id='word_1_159' title='bbox 153 2949 319 3033; x_wconf 83' lang='lat' dir='ltr'><strong>mobilibus</strong></span> <span class='ocrx_word' id='word_1_160' title='bbox 328 2950 493 3014; x_wconf 77' lang='lat' dir='ltr'><strong>fabricabat</strong></span> <span class='ocrx_word' id='word_1_161' title='bbox 504 2953 535 3014; x_wconf 92' lang='lat' dir='ltr'><strong>in</strong></span> <span class='ocrx_word' id='word_1_162' title='bbox 549 2973 653 3036; x_wconf 78' lang='lat' dir='ltr'><strong>aggere</strong></span> <span class='ocrx_word' id='word_1_163' title='bbox 665 2952 768 3027; x_wconf 78' lang='lat' dir='ltr'><strong>tectis,</strong></span> 
     </span>
     <span class='ocr_line' id='line_1_26' title="bbox 17 3042 772 3130; baseline -0.005 -22"><span class='ocrx_word' id='word_1_164' title='bbox 17 3043 171 3126; x_wconf 75' lang='lat' dir='ltr'><strong>Longius</strong></span> <span class='ocrx_word' id='word_1_165' title='bbox 180 3042 242 3106; x_wconf 81' lang='lat' dir='ltr'><strong>bees</strong></span> <span class='ocrx_word' id='word_1_166' title='bbox 254 3044 357 3107; x_wconf 89' lang='lat' dir='ltr'><strong>abiens</strong></span> <span class='ocrx_word' id='word_1_167' title='bbox 368 3046 543 3130; x_wconf 88' lang='lat' dir='ltr'><strong>peregrinus</strong></span> <span class='ocrx_word' id='word_1_168' title='bbox 554 3047 665 3126; x_wconf 88' lang='lat' dir='ltr'><strong>ubique</strong></span> <span class='ocrx_word' id='word_1_169' title='bbox 677 3046 772 3108; x_wconf 83' lang='lat' dir='ltr'><strong>viator</strong></span> 
     </span>
    </p>

    <p class='ocr_par' dir='ltr' id='par_1_11' title="bbox 16 3136 844 3223">
     <span class='ocr_line' id='line_1_27' title="bbox 16 3136 844 3223; baseline -0.002 -21"><span class='ocrx_word' id='word_1_170' title='bbox 16 3136 149 3222; x_wconf 85' lang='lat' dir='ltr'><strong>Erigit,</strong></span> <span class='ocrx_word' id='word_1_171' title='bbox 162 3149 249 3218; x_wconf 80' lang='lat' dir='ltr'><strong>etque</strong></span> <span class='ocrx_word' id='word_1_172' title='bbox 262 3137 396 3217; x_wconf 65' lang='lat' dir='ltr'><strong>memes,</strong></span> <span class='ocrx_word' id='word_1_173' title='bbox 410 3138 546 3222; x_wconf 77' lang='lat' dir='ltr'><strong>solesque</strong></span> <span class='ocrx_word' id='word_1_174' title='bbox 555 3141 602 3206; x_wconf 88' lang='lat' dir='ltr'><strong>bis</strong></span> <span class='ocrx_word' id='word_1_175' title='bbox 614 3139 743 3223; x_wconf 83' lang='lat' dir='ltr'><strong>pellibus</strong></span> <span class='ocrx_word' id='word_1_176' title='bbox 756 3149 844 3200; x_wconf 85' lang='lat' dir='ltr'><strong>arcet.</strong></span> 
     </span>
    </p>
   </div>
   <div class='ocr_carea' id='block_1_5' title="bbox 0 0 1097 3848">
    <p class='ocr_par' dir='ltr' id='par_1_12' title="bbox 0 0 1097 3848">
     <span class='ocr_line' id='line_1_28' title="bbox 0 0 1097 3848; baseline 0 0"><span class='ocrx_word' id='word_1_177' title='bbox 0 0 1097 3848; x_wconf 95' lang='lat' dir='ltr'><strong> </strong></span> 
     </span>
    </p>
   </div>
  </div>
 </body>
</html>
