2102 3846
1041 14 1047 78 r

1039 79 1047 166 l

169 314 227 388 tal,
386 322 495 374 itte.
529 321 789 374 ED.AV1T1
884 323 886 326 ’
936 332 1049 393 utop

208 417 274 480 Hac
287 417 377 501 igitur
386 418 474 501 rigidi
487 429 658 480 commotus
667 429 766 477 mente
779 425 899 480 creator

170 511 355 574 Maerentem
367 511 453 574 celsis
464 509 626 594 compellat
634 510 757 573 uocibus
768 507 874 572 Eram.

172 605 236 669 Cur
248 607 393 667 miserum
403 606 507 668 labem
517 607 627 666 traxisti
641 605 673 666 in
684 625 781 686 prona
794 605 957 667 maritum?

1041 509 1046 536 l

169 699 240 762 Nec
260 711 401 762 contenta
413 711 465 762 tuo
476 699 629 782 deceptrix
640 697 753 758 femina
766 717 853 772 casn,

154 844 160 848 ,
170 792 301 854 Sublimi
311 813 433 854 sensnm
443 792 540 876 jecisti
554 814 588 854 ex
596 813 664 856 arce
675 791 817 852 virilem?

169 885 226 947 llla
237 888 369 968 pudens,
381 887 516 967 tristique
528 907 618 971 geues
630 885 740 949 suffosa
753 886 881 961 rubore,

170 980 336 1044 Auctorem
344 977 465 1057 sceleris
478 981 588 1044 clamat
597 980 894 1062 ‘deceptadraconem
909 1023 920 1055 ,

172 1073 237 1154 Qui
249 1096 376 1157 pomum
388 1077 481 1138 vetito
492 1075 638 1157 persuasit
647 1087 768 1156 tangere
782 1093 894 1160 moran.

213 1166 286 1230 Post
293 1170 356 1231 haec
368 1169 488 1230 finalem
498 1171 617 1250 promit
626 1168 772 1234 sententia
787 1167 883 1250 legem
897 1211 908 1242 ,

173 1261 411 1344 serpentemque
418 1283 505 1324 rcum
518 1263 619 1342 prima
628 1262 755 1324 eieuoce
765 1261 887 1324 notarit.

73 1429 83 1436 .
171 1353 220 1415 'I'n
230 1354 373 1428 coluber,
385 1356 468 1436 eujus
477 1355 734 1436 peccaritfemiua
746 1355 869 1427 fraude,

173 1446 354 1524 Errorisque
368 1445 468 1508 virum
478 1460 651 1509 consortem
664 1447 794 1508 reddidit
805 1448 887 1528 ipsa,
906 1523 909 1529 Ι

173 1538 306 1621 Propter
317 1551 555 1618 utrumque'reus
567 1540 680 1622 pendes
689 1541 770 1618 quod
783 1540 854 1602 fecit
867 1551 1005 1622 uterque:
1047 1556 1048 1601 t

172 1631 244 1694 Nec
254 1632 309 1694 tibi
322 1631 443 1714 sublimi
455 1633 731 1715 constabitpeetore
742 1646 862 1707 vertex,
1047 1664 1048 1669 1

109 1725 113 1729 ⁴
176 1723 295 1787 Callida
307 1725 358 1786 sed
368 1743 481 1806 pronus
494 1747 551 1808 per
565 1716 677 1788 terram
690 1738 815 1807 pectora
823 1727 943 1788 volves:

173 1817 277 1900 thue
291 1820 359 1903 fuga
369 1820 486 1900 trepido
498 1820 618 1882 sinuosa
629 1819 783 1882 volumina
794 1832 938 1896 currant,

174 1911 249 1974 Non
261 1915 435 1996 gressussed
448 1912 547 1996 lapsos
560 1914 636 1989 erit,
648 1926 737 1995 teque
751 1913 816 1994 ipse
828 1914 965 1993 sequeris

104 2025 122 2046 ἢ
174 2004 335 2082 Flexibue,
350 2018 380 2066 et
392 2005 487 2086 spiras
498 2005 629 2077 viventia
635 2005 754 2072 vincula
762 2009 899 2070 nectent,'

72 2171 78 2177 .
173 2099 255 2167 Tum
269 2089 395 2181 propler
405 2119 522 2160 suasam
535 2098 717 2160 miserorum
730 2098 873 2160 cordibus
884 2117 1004 2170 eseam,

142 2217 147 2223 ·
174 2190 331 2252 Tellurem
342 2203 560 2272 captanspaetu
572 2191 700 2252 vesceris
711 2191 809 2262 inani:

179 2283 375 2344 Mensibus'et
384 2284 472 2344 certis
484 2303 594 2364 supero
608 2283 748 2362 depulsus
760 2284 799 2344 ab
809 2283 905 2357 orbe,

176 2375 311 2438 lnclusue
321 2375 409 2436 terris
420 2375 576 2436 communi
589 2374 653 2438 sole
662 2375 789 2437 carebis.

177 2469 262 2529 lnter
274 2479 380 2529 cuncta
393 2467 512 2548 replent
523 2490 590 2547 quae
604 2487 684 2531 nune
697 2468 861 2530 animantia
871 2471 1019 2532 mnndum

178 2563 293 2623 Auctor
302 2560 407 2621 mortis
420 2561 496 2635 eris,
508 2562 561 2622 fies
573 2563 669 2646 gravis
678 2562 819 2624 omnibus
830 2563 954 2624 horror.

180 2653 337 2736 Praecipue
350 2654 453 2716 infelix
464 2654 574 2717 mulier
591 2677 660 2718 cum
669 2655 760 2737 'prole
772 2658 889 2734 lutura,

181 2744 234 2809 Sic
244 2748 416 2810 inimicitias
430 2749 499 2809 odio
513 2763 652 2810 currente
665 2763 811 2830 reponet,

185 2837 311 2900 Semina
323 2843 487 2906 seminibus
497 2845 638 2904 mandent
647 2856 751 2906 utvota
760 2835 900 2906 nocendi.

83 3013 87 3018 ἱ
181 2934 324 2998 lusistene
336 2955 455 3016 semper
466 2938 580 3020 pavidae
591 2937 743 3004 sectabere
756 2935 888 3000 calcem:

50 3023 53 3032 ’
187 3025 333 3090 Conterat
345 3028 396 3090 illa
408 3045 514 3113 caput,
528 3032 732 3111 victoremque
744 3029 849 3092 ultima
861 3029 972 3092 vincat.

226 3117 370 3184 Posthaec
381 3124 538 3186 attonitam
549 3121 635 3207 judex
648 3136 818 3190 commotos
831 3124 864 3186 in
878 3121 996 3196 Erum3
