2198 3844
46 367 138 430 ⁷·77·
215 335 722 411 'cremonensmmnn
894 367 935 430 ²9

49 453 123 517 Hoc
134 452 256 514 stellam
269 452 385 517 radiare
397 473 516 514 novam.
531 451 628 513 Ferus
639 453 751 514 amiur
764 451 842 516 unire

16 599 20 610 .
50 546 174 608 AEstuer
190 546 350 621 Hebraeae,
365 545 461 619 ratus,
473 547 551 606 huuc
562 549 720 608 succedere
735 567 821 627 posse

52 639 126 702 Mox
136 641 277 714 sibimet,
291 639 342 718 qui
357 639 473 719 primus
486 652 548 700 eret
561 663 569 698 ε
583 653 654 700 tunc
667 640 765 700 fronte
778 661 881 702 serena

52 731 165 794 Nubila
180 732 292 793 mentis
303 733 431 810 habeus,
445 731 522 793 eiam
537 734 657 794 mandat
669 734 782 814 ubique
792 738 920 815 requiri,

55 824 133 888 Sicut
146 825 354 898 adoraudum,
368 845 458 904 quem
469 837 571 886 tractat
584 827 686 887 fraude
699 829 878 890 necandum.

58 915 136 997 Quid
149 919 241 994 suris,
261 917 419 979 Herodes?
432 916 586 979 Christum
597 941 738 980 sermone
751 921 869 999 fateris,

53 1009 91 1071 Et
101 1033 191 1072 sensu
201 1011 334 1094 jugulare
347 1011 449 1092 cupis,
466 1011 622 1094 legemque
636 1012 762 1095 legendo

51 1103 204 1188 Negligis‚
219 1117 250 1165 et
263 1105 324 1187 regi
338 1093 446 1188 regum
454 1117 503 1165 tua
516 1126 607 1188 regua
620 1107 755 1168 minoris.

53 1194 101 1258 Ne
111 1212 215 1259 lamen
228 1198 335 1258 insano
347 1212 467 1260 careant
477 1212 527 1258 tue
537 1200 664 1261 nomina
677 1199 755 1259 sacto
769 1241 779 1273 ,

53 1287 236 1354 Patrensium
250 1292 305 1352 sub
315 1293 430 1354 honore
444 1294 558 1366 crucis,
572 1295 625 1353 sed
637 1292 766 1353 crimine
775 1293 890 1376 gentis,

54 1381 193 1446 Herodes
207 1385 299 1462 alius,
313 1388 394 1466 quod
405 1399 438 1447 tu
451 1385 581 1459 molire,
596 1385 718 1446 videbit.

91 1476 173 1561 Ergo
188 1477 302 1539 alacres
314 1499 433 1542 summo
446 1492 596 1548 servantes
609 1477 723 1538 lumina
735 1478 812 1542 coeio

53 1567 122 1631 Fixa
136 1570 244 1654 Magi,
256 1571 393 1652 sidusque
406 1573 520 1634 micans
533 1571 630 1654 regale
642 1572 754 1650 secuti,

55 1657 201 1745 Optatam
211 1676 334 1726 tenuere
345 1666 438 1741 riom,
452 1689 518 1746 quae
531 1667 595 1749 lege
609 1667 723 1727 futura„

52 1754 142 1817 Duxit
154 1758 316 1818 adorantes
325 1779 408 1820 sacra
419 1761 456 1819 ad
467 1758 612 1820 cunabula
624 1775 725 1844 gemes
738 1783 747 1820 s

53 1845 271 1930 Thesaurisque
285 1852 374 1912 simui
387 1873 444 1934 pro
458 1853 615 1936 relligione
628 1853 753 1928 solutis,
812 1871 818 1881 ’

52 1940 125 2024 lpsae
138 1944 233 2005 etiam
247 1958 279 2005 ut
291 1959 412 2026 possent
425 1949 538 2029 species
552 1951 709 2009 ostendere
725 1945 897 2026 Christum,

52 2035 147 2100 Aurea
161 2040 296 2101 nascenti
308 2039 449 2102 fuderunt
461 2061 586 2101 munera
599 2041 662 2122 regi
674 2084 684 2115 ‚

52 2127 150 2193 Thura
161 2133 274 2194 dedero
285 2132 374 2207 Deo,
388 2135 543 2218 myrrham
558 2135 688 2194 tribuere
700 2133 848 2214 sepulcro.

53 2219 114 2286 Cur
125 2228 184 2286 tria
197 2229 278 2286 dona
288 2229 408 2287 tamen?
422 2227 567 2306 quoniam
577 2248 645 2308 spes
652 2229 779 2289 maxima
791 2230 857 2290 vitae
864 2243 908 2291 est

54 2313 141 2382 Hunc
155 2339 317 2380 numerum
332 2319 465 2380 confessa
478 2321 565 2396 fides,
584 2333 614 2382 el
626 2333 764 2402 tempora
775 2343 909 2386 summus

55 2409 190 2475 Cernens
203 2426 309 2476 eunom
324 2412 423 2486 Deus,
438 2414 613 2493 praesentis,
628 2417 739 2496 prisca,
756 2416 869 2490 miuus,

55 2504 182 2591 Semper
193 2510 291 2582 adest,
304 2529 482 2587 semperque
495 2507 565 2580 ruis,
577 2529 757 2589 semperque
770 2510 904 2572 manebit
991 2524 994 2526 ’

55 2599 86 2660 lu
98 2602 212 2683 triplici
228 2603 334 2662 virtute
346 2601 401 2662 sui.
414 2600 502 2664 Tune
514 2604 628 2664 eoelitus
642 2603 687 2662 illi

55 2691 109 2755 Per
123 2716 266 2758 somnum
279 2695 384 2754 moniti
396 2709 590 2780 contemnere
600 2699 679 2777 iussa
687 2698 825 2781 tyranni,

56 2786 111 2850 Per
123 2791 190 2852 loca
203 2791 307 2850 murati
320 2790 487 2872 gradientes
500 2791 588 2852 devia
598 2791 696 2866 cellis,

55 2878 87 2942 ln
98 2885 227 2964 patriam
239 2883 353 2944 rediere
366 2903 459 2943 suam.
474 2881 526 2945 Sic
535 2905 592 2946 uos
602 2905 721 2966 quoque
734 2873 866 2946 sunctum

56 2972 86 3034 Si
96 2977 237 3058 ⁴cupimus
249 2977 375 3057 petriam
385 2978 506 3038 tandem
518 2978 708 3060 contingere,
720 2992 879 3057 postquem

54 3065 199 3130 Venimus
212 3071 248 3132 ad
260 3068 429 3146 Christum,
444 3073 505 3150 jam
517 3086 579 3132 non
592 3086 761 3152 repetamus
781 3073 928 3152 iniquum.

90 3159 174 3250 Ergo
187 3162 240 3226 ubi
253 3163 387 3230 delusum
400 3185 431 3230 se
443 3165 613 3251 comperit,
626 3165 737 3250 impius
750 3165 826 3232 iram
