<?xml version="1.0" encoding="UTF-8"?>
<!DOCTYPE html PUBLIC "-//W3C//DTD XHTML 1.0 Transitional//EN"
    "http://www.w3.org/TR/xhtml1/DTD/xhtml1-transitional.dtd">
<html xmlns="http://www.w3.org/1999/xhtml" xml:lang="en" lang="en">
 <head>
  <title>
</title>
<meta http-equiv="Content-Type" content="text/html;charset=utf-8" />
  <meta name='ocr-system' content='tesseract 3.04.00' />
  <meta name='ocr-capabilities' content='ocr_page ocr_carea ocr_par ocr_line ocrx_word'/>
</head>
<body>
  <div class='ocr_page' id='page_1' title='image "./caiicaeliisedul00sedugoog_0097.png"; bbox 0 0 2102 3846; ppageno 0'>
   <div class='ocr_carea' id='block_1_1' title="bbox 82 269 1043 3154">
    <p class='ocr_par' dir='ltr' id='par_1_1' title="bbox 133 269 1009 2229">
     <span class='ocr_line' id='line_1_1' title="bbox 134 269 1009 368; baseline -0.002 -24"><span class='ocrx_word' id='word_1_1' title='bbox 134 269 178 368; x_wconf 76' lang='lat'><strong>9&#39;0</strong></span> <span class='ocrx_word' id='word_1_2' title='bbox 340 337 342 341; x_wconf 94' lang='lat'>.</span> <span class='ocrx_word' id='word_1_3' title='bbox 425 293 714 348; x_wconf 68' lang='lat' dir='ltr'><strong>undennis</strong></span> <span class='ocrx_word' id='word_1_4' title='bbox 920 305 1009 365; x_wconf 52' lang='lat'><strong>*77-</strong></span> 
     </span>
     <span class='ocr_line' id='line_1_2' title="bbox 134 387 867 466; baseline -0.001 -17"><span class='ocrx_word' id='word_1_5' title='bbox 134 387 230 449; x_wconf 82' lang='lat' dir='ltr'><strong>Nulla</strong></span> <span class='ocrx_word' id='word_1_6' title='bbox 242 387 305 448; x_wconf 87' lang='lat' dir='ltr'><strong>dies</strong></span> <span class='ocrx_word' id='word_1_7' title='bbox 315 406 440 466; x_wconf 79' lang='lat' dir='ltr'><strong>nsquam</strong></span> <span class='ocrx_word' id='word_1_8' title='bbox 453 388 582 448; x_wconf 83' lang='lat' dir='ltr'><strong>memori</strong></span> <span class='ocrx_word' id='word_1_9' title='bbox 594 407 647 450; x_wconf 84' lang='lat' dir='ltr'><strong>vos</strong></span> <span class='ocrx_word' id='word_1_10' title='bbox 659 387 769 448; x_wconf 82' lang='lat' dir='ltr'>eximet</span> <span class='ocrx_word' id='word_1_11' title='bbox 779 406 846 448; x_wconf 74' lang='lat' dir='ltr'><strong>sevo</strong></span> <span class='ocrx_word' id='word_1_12' title='bbox 858 412 867 448; x_wconf 76' lang='grc' dir='ltr'><strong><em>ε</em></strong></span> 
     </span>
     <span class='ocr_line' id='line_1_3' title="bbox 133 479 916 560; baseline 0.001 -20"><span class='ocrx_word' id='word_1_13' title='bbox 133 479 299 541; x_wconf 80' lang='lat' dir='ltr'><strong>Mortalem</strong></span> <span class='ocrx_word' id='word_1_14' title='bbox 310 481 439 560; x_wconf 73' lang='lat' dir='ltr'><strong>eripiam</strong></span> <span class='ocrx_word' id='word_1_15' title='bbox 450 480 598 556; x_wconf 79' lang='lat' dir='ltr'><strong>formem,</strong></span> <span class='ocrx_word' id='word_1_16' title='bbox 613 493 641 541; x_wconf 87' lang='lat' dir='ltr'><strong>et</strong></span> <span class='ocrx_word' id='word_1_17' title='bbox 655 481 779 560; x_wconf 73' lang='lat' dir='ltr'><strong>praemia</strong></span> <span class='ocrx_word' id='word_1_18' title='bbox 792 481 916 541; x_wconf 82' lang='lat' dir='ltr'><strong>reddam</strong></span> 
     </span>
     <span class='ocr_line' id='line_1_4' title="bbox 134 562 839 652; baseline -0.001 -19"><span class='ocrx_word' id='word_1_19' title='bbox 134 562 373 634; x_wconf 62' lang='lat' dir='ltr'><strong>Foetunatorum</strong></span> <span class='ocrx_word' id='word_1_20' title='bbox 383 591 564 648; x_wconf 76' lang='lat' dir='ltr'><strong>nemorum,</strong></span> <span class='ocrx_word' id='word_1_21' title='bbox 576 570 718 652; x_wconf 84' lang='lat' dir='ltr'><strong>sedesque</strong></span> <span class='ocrx_word' id='word_1_22' title='bbox 728 570 839 633; x_wconf 81' lang='lat' dir='ltr'><strong>beatas.</strong></span> 
     </span>
     <span class='ocr_line' id='line_1_5' title="bbox 134 663 899 746; baseline 0.001 -21"><span class='ocrx_word' id='word_1_23' title='bbox 134 663 213 725; x_wconf 87' lang='lat' dir='ltr'><strong>Non</strong></span> <span class='ocrx_word' id='word_1_24' title='bbox 224 665 313 724; x_wconf 83' lang='lat' dir='ltr'><strong>eritis</strong></span> <span class='ocrx_word' id='word_1_25' title='bbox 319 684 410 746; x_wconf 84' lang='lat' dir='ltr'><strong>regno</strong></span> <span class='ocrx_word' id='word_1_26' title='bbox 424 665 598 738; x_wconf 73' lang='lat' dir='ltr'><strong>indecores.⁷</strong></span> <span class='ocrx_word' id='word_1_27' title='bbox 609 685 665 725; x_wconf 86' lang='lat' dir='ltr'><strong>nee</strong></span> <span class='ocrx_word' id='word_1_28' title='bbox 677 678 772 725; x_wconf 75' lang='lat' dir='ltr'><strong>vestm</strong></span> <span class='ocrx_word' id='word_1_29' title='bbox 784 665 899 726; x_wconf 71' lang='lat' dir='ltr'><strong>feretur</strong></span> 
     </span>
     <span class='ocr_line' id='line_1_6' title="bbox 135 755 951 839; baseline 0.001 -22"><span class='ocrx_word' id='word_1_30' title='bbox 135 756 231 817; x_wconf 78' lang='lat' dir='ltr'><strong>Fama</strong></span> <span class='ocrx_word' id='word_1_31' title='bbox 241 755 332 832; x_wconf 80' lang='lat' dir='ltr'><strong>levis,</strong></span> <span class='ocrx_word' id='word_1_32' title='bbox 347 773 468 818; x_wconf 73' lang='lat' dir='ltr'><strong>menum</strong></span> <span class='ocrx_word' id='word_1_33' title='bbox 480 758 594 838; x_wconf 51' lang='lat' dir='ltr'><strong>pariter¹</strong></span> <span class='ocrx_word' id='word_1_34' title='bbox 603 758 751 818; x_wconf 85' lang='lat' dir='ltr'><strong>considite</strong></span> <span class='ocrx_word' id='word_1_35' title='bbox 759 760 867 839; x_wconf 79' lang='lat' dir='ltr'><strong>regnis.</strong></span> <span class='ocrx_word' id='word_1_36' title='bbox 948 757 951 761; x_wconf 74' lang='grc'><strong>’</strong></span> 
     </span>
     <span class='ocr_line' id='line_1_7' title="bbox 137 849 909 928; baseline 0 -18"><span class='ocrx_word' id='word_1_37' title='bbox 137 849 260 910; x_wconf 87' lang='lat' dir='ltr'>Urbem</span> <span class='ocrx_word' id='word_1_38' title='bbox 270 863 461 928; x_wconf 78' lang='lat' dir='ltr'><strong>quamstatno</strong></span> <span class='ocrx_word' id='word_1_39' title='bbox 472 893 483 924; x_wconf 80' lang='lat'><strong>‚</strong></span> <span class='ocrx_word' id='word_1_40' title='bbox 493 863 592 912; x_wconf 78' lang='lat' dir='ltr'><strong>vestm</strong></span> <span class='ocrx_word' id='word_1_41' title='bbox 601 863 661 924; x_wconf 85' lang='lat' dir='ltr'><strong>est,</strong></span> <span class='ocrx_word' id='word_1_42' title='bbox 675 851 787 910; x_wconf 79' lang='lat' dir='ltr'><strong>intrare</strong></span> <span class='ocrx_word' id='word_1_43' title='bbox 796 851 909 912; x_wconf 81' lang='lat' dir='ltr'><strong>licebit.</strong></span> 
     </span>
     <span class='ocr_line' id='line_1_8' title="bbox 138 943 1001 1024; baseline -0.006 -18"><span class='ocrx_word' id='word_1_44' title='bbox 138 943 316 1023; x_wconf 82' lang='lat' dir='ltr'><strong>Nusquam,</strong></span> <span class='ocrx_word' id='word_1_45' title='bbox 327 944 437 1020; x_wconf 80' lang='lat' dir='ltr'><strong>abero,</strong></span> <span class='ocrx_word' id='word_1_46' title='bbox 451 957 480 1004; x_wconf 89' lang='lat' dir='ltr'><strong>et</strong></span> <span class='ocrx_word' id='word_1_47' title='bbox 489 956 572 1004; x_wconf 84' lang='lat' dir='ltr'><strong>tutos</strong></span> <span class='ocrx_word' id='word_1_48' title='bbox 580 943 678 1024; x_wconf 74' lang='lat' dir='ltr'><strong>patrio</strong></span> <span class='ocrx_word' id='word_1_49' title='bbox 690 963 749 1004; x_wconf 76' lang='lat' dir='ltr'><strong>vos·</strong></span> <span class='ocrx_word' id='word_1_50' title='bbox 757 943 863 1004; x_wconf 82' lang='lat' dir='ltr'><strong>limine</strong></span> <span class='ocrx_word' id='word_1_51' title='bbox 875 943 973 1004; x_wconf 83' lang='lat' dir='ltr'><strong>sistam</strong></span> <span class='ocrx_word' id='word_1_52' title='bbox 988 966 1001 1002; x_wconf 72' lang='grc' dir='ltr'><em>τ</em></span> 
     </span>
     <span class='ocr_line' id='line_1_9' title="bbox 139 1035 824 1116; baseline -0.001 -18"><span class='ocrx_word' id='word_1_53' title='bbox 139 1035 238 1098; x_wconf 89' lang='lat' dir='ltr'><strong>Iidem</strong></span> <span class='ocrx_word' id='word_1_54' title='bbox 249 1049 391 1102; x_wconf 84' lang='lat' dir='ltr'><strong>venturos</strong></span> <span class='ocrx_word' id='word_1_55' title='bbox 401 1035 671 1099; x_wconf 78' lang='lat' dir='ltr'><strong>tollemusinastra</strong></span> <span class='ocrx_word' id='word_1_56' title='bbox 682 1049 824 1116; x_wconf 83' lang='lat' dir='ltr'><strong>nepotes,</strong></span> 
     </span>
     <span class='ocr_line' id='line_1_10' title="bbox 142 1128 970 1208; baseline -0.004 -18"><span class='ocrx_word' id='word_1_57' title='bbox 142 1128 221 1208; x_wconf 83' lang='lat' dir='ltr'><strong>Quae</strong></span> <span class='ocrx_word' id='word_1_58' title='bbox 234 1149 393 1190; x_wconf 82' lang='lat' dir='ltr'><strong>vernnunc</strong></span> <span class='ocrx_word' id='word_1_59' title='bbox 405 1148 524 1206; x_wconf 88' lang='lat' dir='ltr'><strong>qnoque</strong></span> <span class='ocrx_word' id='word_1_60' title='bbox 536 1128 621 1189; x_wconf 85' lang='lat' dir='ltr'><strong>vobis</strong></span> <span class='ocrx_word' id='word_1_61' title='bbox 634 1173 643 1204; x_wconf 85' lang='lat'>‚</span> <span class='ocrx_word' id='word_1_62' title='bbox 660 1131 731 1189; x_wconf 90' lang='lat' dir='ltr'><strong>dum</strong></span> <span class='ocrx_word' id='word_1_63' title='bbox 741 1129 803 1189; x_wconf 80' lang='lat' dir='ltr'><strong>vita</strong></span> <span class='ocrx_word' id='word_1_64' title='bbox 818 1129 970 1202; x_wconf 82' lang='lat' dir='ltr'><strong>manebit,</strong></span> 
     </span>
     <span class='ocr_line' id='line_1_11' title="bbox 141 1218 929 1304; baseline 0 -23"><span class='ocrx_word' id='word_1_65' title='bbox 141 1218 273 1282; x_wconf 80' lang='lat' dir='ltr'><strong>Praemia</strong></span> <span class='ocrx_word' id='word_1_66' title='bbox 285 1221 374 1304; x_wconf 58' lang='lat' dir='ltr'><strong>digna,</strong></span> <span class='ocrx_word' id='word_1_67' title='bbox 383 1220 502 1282; x_wconf 79' lang='lat' dir='ltr'><strong>feram?</strong></span> <span class='ocrx_word' id='word_1_68' title='bbox 514 1239 576 1279; x_wconf 91' lang='lat' dir='ltr'><strong>non</strong></span> <span class='ocrx_word' id='word_1_69' title='bbox 589 1222 675 1281; x_wconf 84' lang='lat' dir='ltr'><strong>vobis</strong></span> <span class='ocrx_word' id='word_1_70' title='bbox 687 1221 810 1281; x_wconf 86' lang='lat' dir='ltr'><strong>numine</strong></span> <span class='ocrx_word' id='word_1_71' title='bbox 825 1234 929 1281; x_wconf 85' lang='lat' dir='ltr'><strong>nostro</strong></span> 
     </span>
     <span class='ocr_line' id='line_1_12' title="bbox 141 1313 891 1395; baseline -0.001 -21"><span class='ocrx_word' id='word_1_72' title='bbox 141 1313 254 1374; x_wconf 84' lang='lat' dir='ltr'><strong>Divitis</strong></span> <span class='ocrx_word' id='word_1_73' title='bbox 266 1314 342 1374; x_wconf 84' lang='lat' dir='ltr'><strong>uber</strong></span> <span class='ocrx_word' id='word_1_74' title='bbox 352 1313 435 1395; x_wconf 69' lang='lat' dir='ltr'><strong>agri,</strong></span> <span class='ocrx_word' id='word_1_75' title='bbox 446 1327 607 1391; x_wconf 81' lang='lat' dir='ltr'>rerumque</span> <span class='ocrx_word' id='word_1_76' title='bbox 620 1313 775 1393; x_wconf 78' lang='lat' dir='ltr'><strong>opulentia</strong></span> <span class='ocrx_word' id='word_1_77' title='bbox 786 1314 891 1373; x_wconf 84' lang='lat' dir='ltr'><strong>deerit.</strong></span> 
     </span>
     <span class='ocr_line' id='line_1_13' title="bbox 143 1404 910 1489; baseline -0.005 -19"><span class='ocrx_word' id='word_1_78' title='bbox 143 1405 257 1470; x_wconf 80' lang='lat' dir='ltr'><strong>Fundit</strong></span> <span class='ocrx_word' id='word_1_79' title='bbox 268 1407 361 1489; x_wconf 84' lang='lat' dir='ltr'><strong>humo</strong></span> <span class='ocrx_word' id='word_1_80' title='bbox 374 1404 494 1465; x_wconf 76' lang='lat' dir='ltr'><strong>facilem</strong></span> <span class='ocrx_word' id='word_1_81' title='bbox 503 1406 614 1467; x_wconf 83' lang='lat' dir='ltr'><strong>victum</strong></span> <span class='ocrx_word' id='word_1_82' title='bbox 628 1405 788 1487; x_wconf 80' lang='lat' dir='ltr'><strong>justissima</strong></span> <span class='ocrx_word' id='word_1_83' title='bbox 801 1406 910 1480; x_wconf 88' lang='lat' dir='ltr'><strong>tellus,</strong></span> 
     </span>
     <span class='ocr_line' id='line_1_14' title="bbox 145 1493 950 1577; baseline -0.002 -16"><span class='ocrx_word' id='word_1_84' title='bbox 145 1498 357 1576; x_wconf 84' lang='lat' dir='ltr'><strong>Proventuque</strong></span> <span class='ocrx_word' id='word_1_85' title='bbox 369 1509 475 1558; x_wconf 79' lang='lat' dir='ltr'><strong>onerat</strong></span> <span class='ocrx_word' id='word_1_86' title='bbox 487 1493 602 1574; x_wconf 77' lang='lat' dir='ltr'><strong>sulcus,</strong></span> <span class='ocrx_word' id='word_1_87' title='bbox 615 1511 702 1577; x_wconf 76' lang='lat' dir='ltr'><strong>etque</strong></span> <span class='ocrx_word' id='word_1_88' title='bbox 713 1499 821 1559; x_wconf 83' lang='lat' dir='ltr'><strong>horrea</strong></span> <span class='ocrx_word' id='word_1_89' title='bbox 833 1499 926 1560; x_wconf 85' lang='lat' dir='ltr'><strong>vincit</strong></span> <span class='ocrx_word' id='word_1_90' title='bbox 939 1523 950 1559; x_wconf 74' lang='grc' dir='ltr'>ι</span> 
     </span>
     <span class='ocr_line' id='line_1_15' title="bbox 146 1590 859 1672; baseline 0.001 -21"><span class='ocrx_word' id='word_1_91' title='bbox 146 1590 253 1651; x_wconf 79' lang='lat' dir='ltr'><strong>Floret</strong></span> <span class='ocrx_word' id='word_1_92' title='bbox 263 1611 349 1672; x_wconf 81' lang='lat' dir='ltr'><strong>ager,</strong></span> <span class='ocrx_word' id='word_1_93' title='bbox 361 1603 479 1670; x_wconf 80' lang='lat' dir='ltr'><strong>spumat</strong></span> <span class='ocrx_word' id='word_1_94' title='bbox 490 1591 590 1671; x_wconf 87' lang='lat' dir='ltr'><strong>plenis</strong></span> <span class='ocrx_word' id='word_1_95' title='bbox 601 1590 859 1652; x_wconf 73' lang='lat' dir='ltr'><strong>vindemialebris.</strong></span> 
     </span>
     <span class='ocr_line' id='line_1_16' title="bbox 147 1675 794 1744; baseline -0.002 0"><span class='ocrx_word' id='word_1_96' title='bbox 147 1675 299 1744; x_wconf 76' lang='lat' dir='ltr'><strong>Exuberat</strong></span> <span class='ocrx_word' id='word_1_97' title='bbox 309 1682 386 1743; x_wconf 84' lang='lat' dir='ltr'><strong>fetus</strong></span> <span class='ocrx_word' id='word_1_98' title='bbox 398 1703 500 1743; x_wconf 83' lang='lat' dir='ltr'><strong>ramos</strong></span> <span class='ocrx_word' id='word_1_99' title='bbox 510 1683 678 1744; x_wconf 74' lang='lat' dir='ltr'><strong>frondentis</strong></span> <span class='ocrx_word' id='word_1_100' title='bbox 687 1683 794 1744; x_wconf 68' lang='lat' dir='ltr'><strong>oliuaee</strong></span> 
     </span>
     <span class='ocr_line' id='line_1_17' title="bbox 150 1775 901 1856; baseline 0 -20"><span class='ocrx_word' id='word_1_101' title='bbox 150 1776 295 1856; x_wconf 86' lang='lat' dir='ltr'><strong>Quotque</strong></span> <span class='ocrx_word' id='word_1_102' title='bbox 306 1776 338 1836; x_wconf 91' lang='lat' dir='ltr'><strong>in</strong></span> <span class='ocrx_word' id='word_1_103' title='bbox 351 1775 428 1836; x_wconf 86' lang='lat' dir='ltr'><strong>llore</strong></span> <span class='ocrx_word' id='word_1_104' title='bbox 437 1796 517 1837; x_wconf 85' lang='lat' dir='ltr'><strong>novo</strong></span> <span class='ocrx_word' id='word_1_105' title='bbox 529 1777 629 1856; x_wconf 73' lang='lat' dir='ltr'><strong>pomis</strong></span> <span class='ocrx_word' id='word_1_106' title='bbox 641 1797 672 1836; x_wconf 87' lang='lat' dir='ltr'><strong>se</strong></span> <span class='ocrx_word' id='word_1_107' title='bbox 686 1777 795 1836; x_wconf 80' lang='lat' dir='ltr'><strong>fertilis·</strong></span> <span class='ocrx_word' id='word_1_108' title='bbox 804 1777 901 1837; x_wconf 68' lang='lat' dir='ltr'><strong>arbon</strong></span> 
     </span>
     <span class='ocr_line' id='line_1_18' title="bbox 142 1865 864 1943; baseline 0.001 -14"><span class='ocrx_word' id='word_1_109' title='bbox 142 1865 304 1943; x_wconf 45' lang='lat' dir='ltr'><strong>&#39;latuerim</strong></span> <span class='ocrx_word' id='word_1_110' title='bbox 315 1868 442 1928; x_wconf 85' lang='lat' dir='ltr'><strong>totidem</strong></span> <span class='ocrx_word' id='word_1_111' title='bbox 453 1880 595 1928; x_wconf 83' lang='lat' dir='ltr'><strong>autumno</strong></span> <span class='ocrx_word' id='word_1_112' title='bbox 608 1881 723 1929; x_wconf 75' lang='lat' dir='ltr'><strong>matura</strong></span> <span class='ocrx_word' id='word_1_113' title='bbox 736 1869 864 1930; x_wconf 75' lang='lat' dir='ltr'><strong>tenebit.</strong></span> 
     </span>
     <span class='ocr_line' id='line_1_19' title="bbox 150 1961 996 2044; baseline 0.001 -21"><span class='ocrx_word' id='word_1_114' title='bbox 150 1961 226 2023; x_wconf 86' lang='lat' dir='ltr'><strong>Non</strong></span> <span class='ocrx_word' id='word_1_115' title='bbox 239 1961 344 2038; x_wconf 87' lang='lat' dir='ltr'><strong>liquidi</strong></span> <span class='ocrx_word' id='word_1_116' title='bbox 353 1961 493 2042; x_wconf 81' lang='lat' dir='ltr'><strong>gregibus.</strong></span> <span class='ocrx_word' id='word_1_117' title='bbox 502 1961 617 2037; x_wconf 81' lang='lat' dir='ltr'><strong>sontes,</strong></span> <span class='ocrx_word' id='word_1_118' title='bbox 630 1981 692 2022; x_wconf 91' lang='lat' dir='ltr'><strong>non</strong></span> <span class='ocrx_word' id='word_1_119' title='bbox 705 1964 841 2044; x_wconf 77' lang='lat' dir='ltr'><strong>gramina</strong></span> <span class='ocrx_word' id='word_1_120' title='bbox 853 1966 976 2026; x_wconf 83' lang='lat' dir='ltr'><strong>deerunt</strong></span> <span class='ocrx_word' id='word_1_121' title='bbox 987 1985 996 2024; x_wconf 73' lang='lat' dir='ltr'><strong>t</strong></span> 
     </span>
     <span class='ocr_line' id='line_1_20' title="bbox 151 2052 877 2134; baseline 0.003 -20"><span class='ocrx_word' id='word_1_122' title='bbox 151 2052 193 2114; x_wconf 89' lang='lat' dir='ltr'><strong>Et</strong></span> <span class='ocrx_word' id='word_1_123' title='bbox 203 2067 346 2134; x_wconf 85' lang='lat' dir='ltr'><strong>quantum</strong></span> <span class='ocrx_word' id='word_1_124' title='bbox 359 2053 456 2134; x_wconf 83' lang='lat' dir='ltr'><strong>longis</strong></span> <span class='ocrx_word' id='word_1_125' title='bbox 466 2067 590 2134; x_wconf 76' lang='lat' dir='ltr'><strong>carpent</strong></span> <span class='ocrx_word' id='word_1_126' title='bbox 602 2067 737 2115; x_wconf 69' lang='lat' dir='ltr'><strong>armenta</strong></span> <span class='ocrx_word' id='word_1_127' title='bbox 749 2057 854 2116; x_wconf 87' lang='lat' dir='ltr'><strong>diebus</strong></span> <span class='ocrx_word' id='word_1_128' title='bbox 866 2101 877 2132; x_wconf 89' lang='lat'>,</span> 
     </span>
     <span class='ocr_line' id='line_1_21' title="bbox 150 2141 828 2229; baseline 0.006 -24"><span class='ocrx_word' id='word_1_129' title='bbox 150 2146 263 2228; x_wconf 82' lang='lat' dir='ltr'><strong>Exigua</strong></span> <span class='ocrx_word' id='word_1_130' title='bbox 275 2157 390 2205; x_wconf 84' lang='lat' dir='ltr'><strong>tantum</strong></span> <span class='ocrx_word' id='word_1_131' title='bbox 402 2147 515 2227; x_wconf 86' lang='lat' dir='ltr'><strong>gelidus</strong></span> <span class='ocrx_word' id='word_1_132' title='bbox 527 2166 576 2207; x_wconf 86' lang='lat' dir='ltr'><strong>ros</strong></span> <span class='ocrx_word' id='word_1_133' title='bbox 586 2160 674 2208; x_wconf 88' lang='lat' dir='ltr'><strong>nocte</strong></span> <span class='ocrx_word' id='word_1_134' title='bbox 688 2141 828 2229; x_wconf 84' lang='lat' dir='ltr'><strong>reponet..</strong></span> 
     </span>
    </p>

    <p class='ocr_par' dir='ltr' id='par_1_2' title="bbox 82 2238 1043 3154">
     <span class='ocr_line' id='line_1_22' title="bbox 82 2238 928 2316; baseline 0.005 -18"><span class='ocrx_word' id='word_1_135' title='bbox 82 2239 84 2244; x_wconf 80' lang='grc'><strong>’</strong></span> <span class='ocrx_word' id='word_1_136' title='bbox 154 2238 230 2299; x_wconf 86' lang='lat' dir='ltr'><strong>Haee</strong></span> <span class='ocrx_word' id='word_1_137' title='bbox 241 2251 326 2307; x_wconf 89' lang='lat' dir='ltr'><strong>sunt,</strong></span> <span class='ocrx_word' id='word_1_138' title='bbox 339 2259 404 2316; x_wconf 80' lang='lat' dir='ltr'><strong>quae</strong></span> <span class='ocrx_word' id='word_1_139' title='bbox 413 2250 513 2297; x_wconf 79' lang='lat' dir='ltr'><strong>nostra</strong></span> <span class='ocrx_word' id='word_1_140' title='bbox 526 2240 629 2300; x_wconf 82' lang='lat' dir='ltr'><strong>deceat</strong></span> <span class='ocrx_word' id='word_1_141' title='bbox 642 2260 694 2299; x_wconf 86' lang='lat' dir='ltr'><strong>vos</strong></span> <span class='ocrx_word' id='word_1_142' title='bbox 706 2259 779 2302; x_wconf 82' lang='lat' dir='ltr'><strong>voce</strong></span> <span class='ocrx_word' id='word_1_143' title='bbox 797 2241 928 2302; x_wconf 83' lang='lat' dir='ltr'><strong>moneri.</strong></span> 
     </span>
     <span class='ocr_line' id='line_1_23' title="bbox 156 2330 786 2404; baseline 0.005 -14"><span class='ocrx_word' id='word_1_144' title='bbox 156 2330 255 2392; x_wconf 72' lang='lat' dir='ltr'><strong>Viuite</strong></span> <span class='ocrx_word' id='word_1_145' title='bbox 268 2330 387 2404; x_wconf 76' lang='lat' dir='ltr'><strong>felices,</strong></span> <span class='ocrx_word' id='word_1_146' title='bbox 401 2343 430 2390; x_wconf 88' lang='lat' dir='ltr'><strong>et</strong></span> <span class='ocrx_word' id='word_1_147' title='bbox 438 2331 557 2400; x_wconf 86' lang='lat' dir='ltr'><strong>condita</strong></span> <span class='ocrx_word' id='word_1_148' title='bbox 567 2344 667 2392; x_wconf 87' lang='lat' dir='ltr'><strong>mente</strong></span> <span class='ocrx_word' id='word_1_149' title='bbox 678 2343 786 2393; x_wconf 83' lang='lat' dir='ltr'><strong>tenete.</strong></span> 
     </span>
     <span class='ocr_line' id='line_1_24' title="bbox 156 2421 944 2501; baseline 0.006 -19"><span class='ocrx_word' id='word_1_150' title='bbox 156 2422 232 2486; x_wconf 84' lang='lat' dir='ltr'><strong>Haec</strong></span> <span class='ocrx_word' id='word_1_151' title='bbox 246 2423 298 2483; x_wconf 90' lang='lat' dir='ltr'><strong>ubi</strong></span> <span class='ocrx_word' id='word_1_152' title='bbox 312 2421 391 2483; x_wconf 81' lang='lat' dir='ltr'><strong>dieta</strong></span> <span class='ocrx_word' id='word_1_153' title='bbox 403 2422 503 2496; x_wconf 86' lang='lat' dir='ltr'><strong>dedit,</strong></span> <span class='ocrx_word' id='word_1_154' title='bbox 516 2441 585 2482; x_wconf 79' lang='lat' dir='ltr'><strong>mox</strong></span> <span class='ocrx_word' id='word_1_155' title='bbox 598 2443 663 2484; x_wconf 86' lang='lat' dir='ltr'><strong>sese</strong></span> <span class='ocrx_word' id='word_1_156' title='bbox 674 2425 782 2484; x_wconf 77' lang='lat' dir='ltr'><strong>attollit</strong></span> <span class='ocrx_word' id='word_1_157' title='bbox 796 2426 827 2484; x_wconf 88' lang='lat' dir='ltr'><strong>in</strong></span> <span class='ocrx_word' id='word_1_158' title='bbox 840 2445 944 2501; x_wconf 64' lang='lat' dir='ltr'><strong>auru,</strong></span> 
     </span>
     <span class='ocr_line' id='line_1_25' title="bbox 157 2513 1043 2596; baseline 0.002 -20"><span class='ocrx_word' id='word_1_159' title='bbox 157 2513 329 2596; x_wconf 85' lang='lat' dir='ltr'><strong>Suspiciens</strong></span> <span class='ocrx_word' id='word_1_160' title='bbox 339 2513 465 2588; x_wconf 74' lang='lat' dir='ltr'><strong>coelum,</strong></span> <span class='ocrx_word' id='word_1_161' title='bbox 479 2527 566 2594; x_wconf 78' lang='lat' dir='ltr'><strong>eaput</strong></span> <span class='ocrx_word' id='word_1_162' title='bbox 578 2517 656 2576; x_wconf 84' lang='lat' dir='ltr'><strong>inter</strong></span> <span class='ocrx_word' id='word_1_163' title='bbox 669 2517 771 2578; x_wconf 78' lang='lat' dir='ltr'><strong>nubila</strong></span> <span class='ocrx_word' id='word_1_164' title='bbox 782 2518 894 2579; x_wconf 87' lang='lat' dir='ltr'><strong>condit.</strong></span> <span class='ocrx_word' id='word_1_165' title='bbox 1042 2539 1043 2588; x_wconf 81' lang='lat' dir='ltr'><strong>l</strong></span> 
     </span>
     <span class='ocr_line' id='line_1_26' title="bbox 156 2597 906 2688; baseline 0.003 -20"><span class='ocrx_word' id='word_1_166' title='bbox 156 2608 256 2687; x_wconf 82' lang='lat' dir='ltr'><strong>Atque</strong></span> <span class='ocrx_word' id='word_1_167' title='bbox 265 2597 307 2667; x_wconf 84' lang='lat' dir='ltr'><strong>ita</strong></span> <span class='ocrx_word' id='word_1_168' title='bbox 318 2607 471 2671; x_wconf 77' lang='lat' dir='ltr'><strong>discedens</strong></span> <span class='ocrx_word' id='word_1_169' title='bbox 483 2609 587 2682; x_wconf 77' lang='lat' dir='ltr'><strong>terris,</strong></span> <span class='ocrx_word' id='word_1_170' title='bbox 603 2609 771 2688; x_wconf 84' lang='lat' dir='ltr'><strong>animisque</strong></span> <span class='ocrx_word' id='word_1_171' title='bbox 781 2629 906 2670; x_wconf 84' lang='lat' dir='ltr'><strong>suorum</strong></span> 
     </span>
     <span class='ocr_line' id='line_1_27' title="bbox 160 2699 910 2780; baseline 0 -18"><span class='ocrx_word' id='word_1_172' title='bbox 160 2699 343 2762; x_wconf 78' lang='lat' dir='ltr'><strong>Concretam</strong></span> <span class='ocrx_word' id='word_1_173' title='bbox 356 2701 465 2760; x_wconf 85' lang='lat' dir='ltr'><strong>exemit</strong></span> <span class='ocrx_word' id='word_1_174' title='bbox 472 2699 572 2758; x_wconf 83' lang='lat' dir='ltr'><strong>labem</strong></span> <span class='ocrx_word' id='word_1_175' title='bbox 583 2743 593 2774; x_wconf 81' lang='lat'><strong>,</strong></span> <span class='ocrx_word' id='word_1_176' title='bbox 606 2721 778 2780; x_wconf 76' lang='lat' dir='ltr'><strong>putumque</strong></span> <span class='ocrx_word' id='word_1_177' title='bbox 787 2701 910 2780; x_wconf 83' lang='lat' dir='ltr'><strong>reliquit</strong></span> 
     </span>
     <span class='ocr_line' id='line_1_28' title="bbox 159 2785 965 2877; baseline 0.005 -24"><span class='ocrx_word' id='word_1_178' title='bbox 159 2785 343 2861; x_wconf 75' lang='lat' dir='ltr'><strong>AEthereum</strong></span> <span class='ocrx_word' id='word_1_179' title='bbox 356 2805 493 2866; x_wconf 83' lang='lat' dir='ltr'><strong>sensum,</strong></span> <span class='ocrx_word' id='word_1_180' title='bbox 505 2805 593 2870; x_wconf 78' lang='lat' dir='ltr'><strong>atque</strong></span> <span class='ocrx_word' id='word_1_181' title='bbox 604 2795 687 2852; x_wconf 78' lang='lat' dir='ltr'><strong>aurai</strong></span> <span class='ocrx_word' id='word_1_182' title='bbox 700 2793 845 2874; x_wconf 80' lang='lat' dir='ltr'><strong>simplicis</strong></span> <span class='ocrx_word' id='word_1_183' title='bbox 856 2795 965 2877; x_wconf 81' lang='lat' dir='ltr'><strong>ignem.</strong></span> 
     </span>
     <span class='ocr_line' id='line_1_29' title="bbox 159 2884 845 2964; baseline -0.003 -18"><span class='ocrx_word' id='word_1_184' title='bbox 159 2884 206 2946; x_wconf 84' lang='lat' dir='ltr'><strong>Ex</strong></span> <span class='ocrx_word' id='word_1_185' title='bbox 217 2885 270 2945; x_wconf 88' lang='lat' dir='ltr'><strong>illu</strong></span> <span class='ocrx_word' id='word_1_186' title='bbox 279 2885 445 2947; x_wconf 77' lang='lat' dir='ltr'><strong>celebratus</strong></span> <span class='ocrx_word' id='word_1_187' title='bbox 455 2885 571 2960; x_wconf 81' lang='lat' dir='ltr'><strong>honos,</strong></span> <span class='ocrx_word' id='word_1_188' title='bbox 585 2885 706 2964; x_wconf 79' lang='lat' dir='ltr'><strong>laetique·</strong></span> <span class='ocrx_word' id='word_1_189' title='bbox 712 2886 845 2946; x_wconf 82' lang='lat' dir='ltr'><strong>minores</strong></span> 
     </span>
     <span class='ocr_line' id='line_1_30' title="bbox 161 2967 1043 3059; baseline 0.002 -21"><span class='ocrx_word' id='word_1_190' title='bbox 161 2976 324 3040; x_wconf 79' lang='lat' dir='ltr'><strong>servavere</strong></span> <span class='ocrx_word' id='word_1_191' title='bbox 336 2979 436 3054; x_wconf 85' lang='lat' dir='ltr'><strong>diem,</strong></span> <span class='ocrx_word' id='word_1_192' title='bbox 450 2989 538 3057; x_wconf 79' lang='lat' dir='ltr'><strong>atque</strong></span> <span class='ocrx_word' id='word_1_193' title='bbox 550 2978 612 3039; x_wconf 72' lang='lat' dir='ltr'><strong>hnc</strong></span> <span class='ocrx_word' id='word_1_194' title='bbox 623 2979 673 3059; x_wconf 84' lang='lat' dir='ltr'><strong>pia</strong></span> <span class='ocrx_word' id='word_1_195' title='bbox 684 2997 766 3041; x_wconf 82' lang='lat' dir='ltr'><strong>saera</strong></span> <span class='ocrx_word' id='word_1_196' title='bbox 779 2980 941 3057; x_wconf 80' lang='lat' dir='ltr'><strong>quotannis.</strong></span> <span class='ocrx_word' id='word_1_197' title='bbox 1042 2967 1043 2986; x_wconf 52' lang='lat'>¹</span> 
     </span>
     <span class='ocr_line' id='line_1_31' title="bbox 163 3070 931 3154; baseline -0.004 -20"><span class='ocrx_word' id='word_1_198' title='bbox 163 3070 299 3152; x_wconf 70' lang='lat' dir='ltr'><strong>Matres,</strong></span> <span class='ocrx_word' id='word_1_199' title='bbox 309 3083 397 3153; x_wconf 78' lang='lat' dir='ltr'><strong>atque</strong></span> <span class='ocrx_word' id='word_1_200' title='bbox 407 3071 484 3148; x_wconf 81' lang='lat' dir='ltr'><strong>viri,</strong></span> <span class='ocrx_word' id='word_1_201' title='bbox 496 3072 604 3154; x_wconf 76' lang='lat' dir='ltr'><strong>pueri,</strong></span> <span class='ocrx_word' id='word_1_202' title='bbox 618 3071 808 3154; x_wconf 83' lang='lat' dir='ltr'><strong>innuptaeque</strong></span> <span class='ocrx_word' id='word_1_203' title='bbox 818 3070 931 3154; x_wconf 67' lang='lat' dir='ltr'><strong>puellm</strong></span> 
     </span>
    </p>
   </div>
   <div class='ocr_carea' id='block_1_2' title="bbox 0 0 1088 3846">
    <p class='ocr_par' dir='ltr' id='par_1_3' title="bbox 0 0 1088 3846">
     <span class='ocr_line' id='line_1_32' title="bbox 0 0 1088 3846; baseline 0 0"><span class='ocrx_word' id='word_1_204' title='bbox 0 0 1088 3846; x_wconf 95' lang='lat' dir='ltr'><strong> </strong></span> 
     </span>
    </p>
   </div>
  </div>
 </body>
</html>
