2172 3862
169 345 229 420 442
438 357 766 436 ΒΒΑΕΟΝΤΙΙΙ
943 355 1078 437 napo]

165 451 297 512 Jusseris
307 469 370 512 esse
383 451 474 514 chaos
485 451 564 512 solus
576 437 715 512 mansure
728 463 899 540 superstes,
1077 445 1078 516 l

164 543 335 626 Angelicis,
348 545 566 625 hominumque
577 544 637 626 piis
649 547 818 632 reneraude
830 550 973 612 catervis.

96 669 101 676 ·
168 635 310 716 Qualiter
325 659 394 722 ergo
407 636 493 700 labor
505 638 604 700 nullus
617 637 673 698 fnit
684 651 752 699 ante
763 639 921 720 jubendo,

167 728 285 793 Omnia
296 753 365 796 eum
378 731 501 807 tierent,
515 731 558 794 sic
570 752 626 793 nec
640 731 727 792 labor
739 731 815 794 ullus
830 735 907 812 erit,
921 739 985 820 jam

165 825 297 886 Jusseris
310 838 342 884 ut
351 825 443 885 tinem
457 845 526 888 cum
538 824 670 906 plurima
682 825 780 888 secula
794 828 912 889 norint.

161 915 208 980 Te
222 915 400 1001 Seraphim,
422 917 652 1002 Cherubimque
676 919 796 997 Deum,
817 919 1042 1010 Dominamque

233 1036 236 1042 ·
325 1025 504 1093 precantur,

162 1104 207 1166 Te
222 1107 329 1168 chorus
342 1107 491 1190 angelicus
503 1105 619 1183 laudat,
635 1109 778 1171 exercitos
792 1123 875 1186 orat,

162 1197 306 1262 Thronus
317 1200 349 1261 in
360 1199 481 1264 excelsis
493 1200 600 1262 humili
615 1214 643 1262 te
656 1223 729 1264 voce
744 1214 907 1290 precatur,

163 1293 293 1378 Agmina
305 1309 334 1355 te
346 1308 514 1369 astrorum,
533 1308 563 1354 te
575 1294 675 1378 sigua,
690 1309 719 1356 et
731 1296 830 1357 sidera
843 1296 973 1360 laudant

161 1386 328 1450 Auctorem
342 1389 476 1451 confessa
488 1409 592 1462 suum,
609 1402 637 1450 te
652 1386 767 1451 fulmen
780 1391 907 1468 adorat,

163 1481 210 1542 Te
217 1482 344 1544 tonitrus
352 1483 544 1562 ,hiemesque
550 1493 698 1561 tremunt,
710 1498 739 1545 te
747 1485 861 1566 grando
872 1530 882 1560 ,
894 1489 1048 1568 procellae,
1077 1511 1078 1514 ¹

164 1572 210 1634 'I'e
223 1575 348 1657 glacies,
364 1577 522 1655 nimbique
534 1588 660 1655 pavent,
676 1589 705 1636 tc
718 1578 838 1659 spiritus
852 1581 960 1642 omnis

163 1665 321 1742 Personat,
336 1668 448 1742 imber,
463 1669 571 1742 hiems,
585 1668 717 1750 pelagus,
732 1671 792 1744 nix,
807 1670 917 1754 frigus,
934 1688 1049 1738 maura,
1077 1715 1078 1718 η

162 1757 208 1820 Τε
219 1759 306 1822 tellus
316 1761 444 1823 fecunda
458 1773 561 1836 vocat,
577 1773 606 1820 te
619 1761 742 1841 suspicit
756 1782 829 1838 aer,-

161 1852 255 1915 'Unda
266 1875 356 1936 super
368 1855 458 1916 coelos
469 1855 525 1915 tibi
538 1854 702 1934 supplicat,
715 1868 745 1916 et
758 1855 846 1936 polus
858 1851 966 1920 omnis
977 1906 987 1936 ,

163 1945 308 2008 Flumina
320 1961 349 2010 te
364 1960 519 2022 metuunt,
534 1959 564 2007 et
576 1947 691 2022 sontes,
706 1960 824 2031 stagna,
840 1950 982 2031 paludes·

161 2039 249 2104 Voce
258 2062 314 2102 sua
326 2042 463 2116 laudant,
479 2053 508 2100 te
521 2039 625 2101 nubila
636 2060 731 2102 crassa
744 2058 926 2120 coruscant,

162 2133 209 2196 Te
220 2121 268 2196 lux
281 2136 348 2196 alba
362 2135 443 2207 dies,
458 2147 487 2196 te
501 2155 561 2194 nox
574 2133 699 2196 obscura
711 2134 863 2211 tenebris,

146 2227 209 2290 'Te
219 2230 300 2290 hona
313 2229 495 2310 temperies,
512 2240 542 2288 te
554 2239 692 2309 tempora
705 2242 808 2290 cuncta
820 2244 1009 2310 precantur,
1077 2269 1078 2272 =

160 2321 243 2398 Ver,
257 2336 357 2396 aestas,
370 2334 546 2396 autumnus,
561 2319 658 2381 hiems
672 2320 865 2382 redeuntibus
878 2325 981 2386 annis
1077 2375 1078 2384 ,

202 2415 262 2476 Per
273 2429 303 2475 te
316 2415 387 2476 fetat
399 2414 525 2488 humus,
539 2427 655 2496 perte,
669 2413 770 2489 Deus,
785 2414 880 2476 herba
894 2418 1034 2494 virescit,

162 2511 371 2573 Frondescunt
384 2510 465 2572 silrae
477 2509 587 2590 ,spirat
599 2506 674 2585 llos,
688 2507 836 2592 germinat
850 2510 955 2571 arbor.

158 2605 267 2667 Messis
280 2604 411 2664 aristatas
424 2603 503 2666 acuit
513 2624 570 2684 per
579 2601 709 2666 culmina
722 2602 839 2686 fruges,

158 2699 287 2762 Palmite
299 2711 450 2784 gemmato
462 2710 531 2779 post
542 2698 703 2779 pampinus
714 2698 855 2758 admovet
864 2717 959 2774 uvas,

156 2792 197 2854 Et
211 2813 363 2875 nunquam
377 2793 505 2855 caritura
516 2792 612 2852 cornis
625 2789 785 2852 frondescit
797 2789 891 2851 oliva.
1077 2853 1078 2864 ,

155 2885 201 2946 Te
215 2886 295 2960 lera,
311 2899 340 2946 te
354 2886 468 2973 pisces,
483 2886 632 2966 pecudes,
644 2895 797 2958 armenta,
812 2882 976 2960 volucres,
1077 2887 1078 2956 l

154 2978 259 3044 Turba
270 2992 450 3040 cerastarum
462 2975 579 3052 laudat,
594 2997 684 3060 genus
698 2997 789 3038 omne
803 2977 915 3038 veneni

155 3071 265 3135 Sibilat
276 3091 328 3131 ore
341 3071 427 3147 fero,
442 3071 540 3154 lingua
554 3071 688 3132 vibrante
700 3069 841 3145 trisulca,

87 3172 91 3183 '
154 3166 196 3229 Et
208 3165 282 3243 tibi,
298 3152 442 3246 quidquid
452 3165 558 3240 habet,
578 3177 719 3246 reputans
730 3163 841 3225 debere
855 3162 976 3224 latetur.
