2102 3846
174 315 231 388 134
394 321 802 394 anc.tt1t.nv{T1
945 313 1050 396 muln

168 421 230 483 Sed
241 419 373 499 sequitur
382 417 482 492 velox,
492 415 668 496 miseraeque
680 435 714 476 ex
723 417 858 500 conjugis
870 437 930 480 cre
1050 418 1051 441 l

169 513 349 578 Constanter
360 511 439 593 rapit
451 511 622 572 inconstans
635 509 734 572 dotale
749 530 904 576 venenum
919 555 929 588 ,

166 607 319 684 Faucibus
328 618 358 667 et
371 603 479 686 patulis
490 603 628 665 inimicas
641 604 770 686 porrigit
783 611 877 666 escas

167 701 228 762 Vix
239 721 298 762 uno
310 717 437 781 pomum
449 697 556 780 libarat
565 697 684 774 succida
694 717 795 766 mersu

114 833 117 839 -
166 793 329 878 lngluries‚
344 810 556 870 summumque
567 791 655 855 dalet
665 791 712 852 rix
725 811 791 853 esca
800 811 972 874 saperem

167 889 249 951 Ecce
262 886 436 969 repentinus
448 884 545 967 fulgor
558 884 746 949 circumstitit
759 905 814 948 ura
822 930 841 968 ,1

167 981 369 1065 Lugenduque
381 999 476 1045 nurus
489 969 630 1060 respersit
640 979 754 1043 lumine
763 981 851 1042 rium.

169 1075 200 1137 N
204 1096 243 1135 cn
252 1095 344 1138 cecus
356 1087 459 1134 natura
470 1073 568 1148 dedit,
583 1095 640 1135 nec
652 1073 775 1136 luminis
788 1094 842 1136 usu

101 1167 104 1173 ’
123 1229 125 1240 A
169 1169 320 1231 Privatam
330 1169 438 1230 faelem
450 1168 569 1248 peperit
580 1167 725 1248 perfectio
737 1168 853 1230 formae.
881 1223 887 1234 ,

167 1263 261 1326 Nunc
273 1283 356 1346 mage
369 1283 461 1322 caecus
474 1263 548 1334 eris,
561 1263 609 1324 cui
620 1263 681 1340 jam
694 1281 756 1322 non
768 1260 880 1322 sufficit
888 1261 973 1326 illud

166 1357 319 1431 Noscere,
334 1355 519 1433 qucdtuntus
530 1350 625 1412 voluit
634 1365 666 1412 te
680 1373 768 1414 nosse
782 1366 918 1424 creator.

148 1441 157 1460 ⁸
168 1440 217 1511 Ad
230 1451 320 1510 vitam
334 1447 420 1509 robis
433 1446 576 1508 cernendi
587 1445 665 1507 iactu
677 1445 799 1510 facultas
816 1470 823 1506 r

170 1544 236 1604 Vos
248 1543 338 1603 etiam
349 1540 480 1616 lethum,
493 1553 589 1602 restra
599 1541 653 1602 sed
666 1551 791 1621 sponte,
806 1541 923 1604 videtis

76 1648 79 1654 '
169 1636 250 1698 Tum
262 1637 390 1717 patuisse
401 1647 524 1718 gemunt
535 1627 653 1706 deuius-3
667 1653 738 1715 uarat
749 1633 836 1716 culpa
848 1637 982 1706 rebellis

167 1731 277 1806 Fulsit‚
291 1742 320 1791 et
334 1731 479 1791 obscenus
486 1741 642 1800 senserunt
651 1748 780 1808 corpora
793 1741 912 1793 mutus.

170 1825 257 1888 Tunc
269 1826 404 1908 primum
415 1824 511 1884 nudos
521 1827 534 1900 (
546 1821 671 1884 dubium
683 1822 754 1901 quid
767 1823 868 1884 dicere
884 1827 1001 1907 possim
1013 1831 1018 1888 ἶ

170 1919 337 1982 Exstinctus
350 1929 474 1978 natusne
487 1915 586 1996 pudor
595 1916 800 1996 circumspicit
809 1928 911 1980 artus.

165 2006 295 2076 Erubuit
308 2011 440 2094 propriae
452 2011 513 2091 jam
526 2026 610 2070 mens
622 2011 680 2070 sibi
694 2011 812 2082 conseia
825 2010 953 2092 culpae,

168 2107 374 2190 Regnavitque
387 2105 447 2164 suis
456 2103 553 2165 caruis
566 2103 612 2164 lex
623 2104 717 2164 indita
727 2104 894 2166 membris„
913 2163 917 2170 .

207 2195 351 2276 Namque
363 2197 435 2257 hinc
443 2196 599 2277 posteritas
609 2197 714 2256 ritiatc
724 2199 859 2278 germine
874 2202 967 2264 diruit

163 2292 287 2355 Artibus
297 2289 409 2350 illicitis
421 2305 599 2370 cognoscere
613 2287 689 2349 velle
696 2289 820 2365 lutura,
882 2331 886 2344 ι
918 2351 923 2358 ,

162 2385 348 2462 Arcanisque
361 2380 450 2442 sacris
462 2384 561 2442 tardos
574 2383 738 2444 immittere
752 2404 875 2446 sensus:

163 2478 253 2540 Edita
265 2476 313 2538 vel
326 2475 401 2536 coelu
415 2517 424 2549 ,
440 2474 487 2536 vel
498 2487 575 2537 tetro
589 2495 686 2537 mersa
697 2477 849 2558 profundo

165 2571 299 2647 Rimari,
313 2581 342 2630 et
352 2583 450 2631 cautas
463 2582 575 2630 naturae
586 2591 728 2652 rumpere
741 2571 828 2654 leges.

59 2669 61 2676 '
166 2665 312 2746 Quaerere
324 2685 403 2726 nuuc
411 2663 495 2725 astris
507 2683 566 2742 quo
578 2665 735 2745 quisquam
750 2666 847 2726 sidere
860 2681 971 2746 natus,

165 2756 315 2840 Prospera
327 2779 417 2838 quam
432 2760 518 2820 ducat
528 2759 664 2818 restantis
675 2771 814 2839 tempora
824 2761 912 2838 vitae,

163 2851 352 2913 Dissimilem
363 2852 484 2931 paribus
497 2847 677 2933 proventum
689 2853 803 2914 discere
814 2853 919 2936 signis.

163 2945 233 3007 Nec
246 2964 307 3005 non
321 2956 350 3003 et
361 2944 497 3026 gentiam
511 2965 572 3005 uno
585 2946 640 3006 sub
650 2957 788 3026 tempore
798 2947 902 3023 lusos,

165 3036 253 3118 Quos
264 3037 439 3100 indiscretus
451 3037 510 3101 luci
523 3039 696 3120 produxerit
707 3051 806 3115 onus,
1042 2939 1045 3118 l

163 3128 298 3194 Motibus
311 3131 440 3194 adversis
450 3133 530 3194 varia
541 3133 596 3194 sub
609 3144 690 3198 sorte
703 3145 816 3194 notare.
