2172 3862
43 279 176 356 vetita.
288 241 712 346 pronomen.
880 283 939 366 457

46 384 179 446 Omnis
191 382 403 457 arenavmarim
416 384 465 445 rel
477 382 727 448 flammeesidera
737 384 806 448 coeli

45 476 238 557 AEqoentur
250 496 377 538 numero
388 477 540 540 benedicti
552 477 695 560 germinis
706 491 785 558 apte.

45 571 145 632 Nam
158 572 206 634 coi
218 583 297 632 terra
309 572 412 646 datur,
427 583 457 631 et
469 571 537 632 coeli
549 582 650 632 sancte
662 579 821 650 parantur,

44 664 185 728 Rectius
197 663 317 742 aequetis
329 663 457 744 geminis
467 662 539 725 hinc
550 662 621 724 inde
632 661 797 725 clementis.

100 755 193 829 Sara,
204 761 348 834 socerque
359 755 450 816 simul
458 753 631 830 Dominum
642 757 758 836 petiere
770 771 915 841 rogantes
930 803 939 834 ‚

44 851 117 912 lua
130 851 228 910 virum
237 848 348 910 meruit
359 847 497 908 stabilem
507 862 575 928 post
586 849 692 911 funera
700 863 834 931 septem,

47 943 124 1005 Hic
138 943 251 1016 visum,
262 940 377 1023 fugiunt
385 961 455 1004 cnm
468 955 643 1022 paupertate
666 943 796 1005 tenebre
804 987 813 1020 ,

47 1035 99 1096 Et
110 1035 232 1119 gemino
244 1034 324 1114 capit
337 1033 411 1094 orbe
425 1034 524 1108 diem,
539 1025 720 1113 reducesque
730 1056 840 1096 sereno

48 1127 191 1190 Lumine
201 1138 268 1188 sunt
280 1125 358 1187 acies
370 1137 439 1206 post
451 1125 554 1186 nubila
566 1146 662 1188 crassa
672 1126 826 1190 micantes.

103 1219 201 1280 David
209 1218 346 1279 adulterii
356 1217 470 1280 facinus
481 1219 634 1280 homicida
645 1221 760 1302 peregit
772 1263 782 1294 ‚
879 1263 881 1272 ,

50 1313 121 1375 Sed
142 1313 237 1382 scelus
248 1331 409 1394 agnoscens
422 1312 524 1392 cuipas
537 1311 661 1392 impune
669 1311 799 1388 fatetur,

51 1406 110 1468 Sic
120 1426 189 1466 reus
196 1418 226 1467 et
237 1406 357 1476 veniam
371 1391 476 1480 se'eleri
484 1404 539 1465 sub
550 1425 623 1467 voce
637 1417 782 1466 meretur·

51 1498 208 1566 Credulus
219 1512 268 1574 ,et
280 1496 411 1560 Domini
422 1497 550 1559 famulus
559 1511 627 1578 post
636 1541 646 1572 ‚
656 1510 743 1578 atque
757 1497 872 1575 fidelis,

51 1595 224 1654 Attestente
235 1591 324 1665 Deo,
338 1591 449 1652 coelesti
463 1610 536 1652 voce
547 1604 682 1667 vocatus,

50 1685 92 1745 ln
105 1698 221 1746 tanturn
233 1697 264 1744 nt
278 1705 378 1766 regem
391 1685 501 1749 faceret
511 1697 581 1763 post
592 1683 719 1745 erimine
731 1699 837 1746 natum

50 1778 101 1839 Ex
115 1779 220 1840 cedern
234 1777 361 1838 mniiere
371 1777 553 1849 .virum,.cui
565 1789 703 1856 tempore
716 1791 820 1858 partos

53 1869 175 1932 Omnia
185 1870 330 1933 concessit
341 1869 450 1930 merito
461 1869 604 1951 genitoris
617 1869 719 1928 amati.

51 1963 197 2026 Fieverat
209 1961 367 2025 Ezechias:
379 1961 433 2022 snb
446 1973 557 2041 puncto
572 1960 719 2041 temporis
733 1981 794 2020 uno
807 2005 817 2035 ,

50 2053 96 2118 Et
108 2077 200 2138 prece
211 2055 342 2137 primori
355 2055 447 2114 vitem
460 2097 469 2127 ‚
485 2067 514 2114 et
528 2054 584 2114 tria
597 2052 688 2114 lustra
699 2065 843 2116 meretur.

95 2148 258 2210 Murmure
265 2149 323 2210 'snb
334 2145 424 2209 tacito
435 2145 567 2208 sterilem
581 2143 741 2208 defleverat
756 2145 844 2208 Anna
866 2145 869 2158 '
900 2155 902 2160 '

54 2242 238 2314 Matonem
250 2243 376 2302 secunda
391 2241 469 2302 redit
480 2244 536 2321 per
547 2253 616 2300 vota
629 2241 732 2320 priore
747 2285 757 2317 ,
787 2263 789 2267 ·
814 2289 816 2292 .

52 2334 95 2396 Et
107 2353 170 2396 non
184 2347 227 2396 est
237 2333 314 2396 nitra
326 2353 381 2396 vox
395 2327 561 2414 exspectato
573 2335 712 2398 secunda.

96 2427 141 2498 Hi
154 2427 232 2488 solos
244 2427 347 2487 fudere
361 2447 489 2506 preces,
510 2427 623 2508 jejunia
639 2427 741 2503 nolle,

24 2572 26 2576 ,
53 2521 139 2584 Nem
152 2541 208 2582 nec
221 2533 339 2599 tempus
354 2530 416 2578 erat
427 2517 567 2600 longum,
580 2540 640 2599 quo
651 2533 718 2581 vota
730 2519 863 2602 piarent,

55 2614 139 2677 Cum
150 2634 208 2675 nec
221 2611 311 2693 plena
320 2610 378 2678 fnit
389 2610 503 2672 cunctis
512 2613 704 2691 poscentibus
717 2615 811 2689 hora,

59 2709 134 2788 Qua
142 2719 244 2770 votum
259 2723 397 2766 meruere
410 2724 496 2765 sunm
508 2707 618 2784 pietate
632 2705 788 2766 'sonantis

54 2799 150 2881 Quod
160 2812 261 2874 vetus,
275 2791 488 2878 atqnenornm.
498 2798 557 2858 duo
572 2797 932 2878 testamentaloqunntnr,

54 2894 159 2956 Miltia
172 2906 218 2954 tot
229 2893 326 2954 subito
339 2890 458 2954 veniam
470 2891 614 2954 meruisse
624 2912 745 2952 reorum
760 2909 787 2966 ’,.
820 2933 825 2948 „

55 2987 118 3048 Pro
130 2988 239 3068 quibus
250 2977 312 3047 nne
320 2984 414 3047 semel
426 3005 483 3046 vox
494 2997 559 3058 est,
573 2997 623 3044 ant
635 2985 716 3068 nulle
729 2995 859 3066 precata.

57 3081 163 3167 Exegit
173 3082 247 3163 qnid
259 3083 347 3162 plena
361 3080 452 3158 fides,
467 3091 496 3140 et
508 3078 641 3152 credula,
657 3079 725 3144 dixi.

741 3173 790 3257 39.
