2102 3846
161 303 284 394 1601·
393 315 803 370 unumunurm
924 305 1011 388 usq.

148 409 332 472 perditionis
343 409 400 470 iter
411 411 531 484 statuit,
546 429 726 487 sensumque
739 429 796 489 per
810 429 937 490 omnem

148 501 292 564 Obtinoit
302 502 397 564 victor
410 503 525 585 peccati
539 501 666 584 insignia
680 503 829 578 mundns,

95 577 98 597 ¹
147 596 216 672 Nec
227 617 368 660 revocare
380 598 505 681 gradum
519 595 696 676 quisquam,
716 615 916 677 gressumque
928 594 1015 656 reisue

148 686 301 770 Praecipiti
313 693 375 773 jam
388 703 495 768 mente,
503 701 603 770 potest
614 731 623 763 ‚
637 687 793 756 exhorruit,
801 702 928 764 auctor,

147 781 368 864 Poeuituitque,
383 777 488 846 videns
497 795 595 844 totum
608 782 690 860 qu'od
702 781 808 844 fecerit
823 784 944 846 orbem.

146 875 227 937 Tum
239 876 313 939 tales
324 878 455 938 tonuisse
467 877 564 936 minas
576 887 746 938 commotus
755 875 794 936 ab
809 876 875 938 alto

123 989 126 996 ·
147 969 277 1047 Fertur,
293 984 322 1031 et
334 971 441 1032 excitas
454 971 563 1030 laxasse
576 969 622 1030 bis
635 968 760 1031 ‚vocibus
774 969 845 1031 iras.

189 1061 220 1124 0
235 1065 326 1125 nullis
338 1065 480 1126 atthracta
493 1063 582 1124 bonis
593 1106 603 1138 ‚
615 1061 764 1140 nullisque
779 1073 920 1145 repr'essa

146 1156 297 1240 Legibus,
313 1159 437 1238 antiquo
451 1169 568 1218 tanturn
580 1155 727 1216 submissa
740 1156 886 1231 draconi,

146 1252 253 1312 Effera
266 1273 337 1335 gens
348 1252 532 1325 hominnm,
547 1250 636 1310 ducto
651 1250 826 1330 corruptior
839 1269 915 1313 cero.

145 1343 178 1406 N
181 1364 220 1405 on
234 1343 333 1406 Eram
347 1345 494 1406 cecidisse
508 1355 552 1402 sat
566 1351 629 1430 est,
644 1343 867 1406 transcenditur
881 1341 963 1405 omni

144 1437 290 1500 Inventor
303 1437 377 1498 lethi
392 1437 477 1518 lapsu
491 1461 498 1495 z
515 1457 572 1498 uec
583 1434 692 1496 sufficit
706 1435 797 1512 illud,

146 1530 232 1592 Vicit
243 1531 432 1610 inexpertum
443 1531 525 1608 quod
537 1547 662 1610 serpens
676 1529 822 1609 pristinus
837 1530 951 1593 Adam.

146 1622 222 1684 Non
236 1636 377 1685 contenta
388 1641 442 1684 suo
455 1623 561 1684 foedari
576 1623 637 1684 vita
652 1635 798 1703 parente,

145 1715 278 1778 Affectat
287 1729 418 1783 mortem
432 1717 561 1798 propria
573 1716 682 1780 virtute
696 1717 820 1778 mereri.
1025 1785 1026 1788 Ἴ

146 1809 340 1891 Exspectasse
352 1811 403 1874 diu
416 1831 477 1872 non
492 1809 624 1891 profuit;
641 1809 766 1890 insuper
780 1831 874 1873 omne
963 1839 965 1848 ¹
1025 1789 1026 1871 l

149 1901 335 1986 Concessum
346 1904 441 1966 veniae
451 1916 615 1986 rapuerunt
627 1902 757 1964 crimina
772 1916 905 1987 tempus.

104 2059 106 2065 ,
148 1997 222 2058 Jam
237 1999 367 2060 nimium
380 1998 482 2080 longas
494 1996 638 2078 patientia
652 1996 798 2078 presserit
810 1998 891 2075 iras,

150 2089 303 2154 Vindictae
315 2093 377 2174 jam
390 2091 609 2172 tempusadest.
622 2087 698 2149 Non
712 2089 841 2152 fulmina
854 2092 931 2158 coelo

150 2184 327 2245 Flammens
337 2186 427 2245 ardor
440 2197 504 2266 aget
518 2206 525 2242 ε
538 2195 621 2244 vasto
634 2202 692 2246 uec
702 2185 790 2245 cedet
801 2185 886 2246 hiatu

78 2313 80 2316 v
152 2277 231 2355 Quae
244 2277 393 2356 premitur
404 2277 502 2354 nimio
511 2277 708 2340 succumbens
721 2289 799 2339 terra
809 2278 953 2341 tumultu:

152 2367 213 2430 Sed
225 2370 350 2428 sordens
360 2369 439 2430 vitiis
448 2367 541 2430 fluctu
552 2367 702 2430 delebitur
716 2370 808 2432 orbis.

150 2460 199 2522 Ad
213 2461 303 2522 chaos
315 2460 470 2540 antiquum
484 2462 599 2542 species
613 2464 765 2524 mundana
777 2478 927 2540 recurrat,

151 2555 247 2634 Inque
258 2575 324 2616 suas
334 2555 461 2616 redeant
476 2555 627 2616 undarum
645 2557 781 2637 pondera
794 2541 887 2620 sedes.

152 2649 247 2710 Arida
259 2650 382 2713 decedat
394 2648 531 2734 lymphis
545 2691 554 2723 ‚
572 2667 735 2728 rursusque
746 2651 875 2732 sepultas

117 2733 121 2740 ’
153 2740 318 2805 Terrarum
332 2743 452 2826 species
465 2741 605 2803 informis
619 2755 756 2826 contegat
767 2743 887 2808 homor.

156 2836 233 2896 llaec
244 2835 342 2898 clades
353 2838 445 2914 vivis,
461 2837 602 2915 carnique
615 2835 665 2898 bic
677 2823 821 2898 terminus
835 2851 910 2900 esto.

156 2928 208 2991 Sic
221 2942 306 3009 pater
318 2943 453 2992 aeternus
467 2932 633 3012 disponens
644 2929 750 2993 funera
763 2932 863 2993 rerum¹
920 3007 923 3012 Ι

154 3021 314 3084 Diluviom
329 3024 431 3084 dextra
444 3037 538 3086 terras
549 3025 685 3086 vibrabat
700 3027 732 3086 in
748 3046 863 3088 omnes.

197 3113 317 3180 Interea
330 3117 420 3200 plen'o
432 3119 548 3182 virebat
561 3121 653 3200 justus
667 3119 697 3178 in
712 3119 786 3180 orbe
