2142 3858
170 348 232 422 384
387 313 570 412 arumnis
593 351 830 409 duumuirum
936 337 1005 422 eqd.

170 453 376 516 Conclamant
388 454 471 516 necis
484 473 548 515 esse
561 471 666 527 reum,
679 452 777 513 sedin
791 459 873 511 arm'a
883 447 985 508 tribunus

170 545 300 622 Evolat,
314 561 345 608 et
357 548 491 610 vinctum
501 547 631 629 geminis
644 546 728 627 jubet
740 545 787 604 ire
801 533 922 613 catenis,

171 638 252 718 Quae
262 653 369 704 tamen
381 641 509 704 astrictis
523 639 703 702 incumbunt
717 635 794 700 dura
806 635 918 698 lacertis

171 729 247 792 Nou
261 735 401 794 animum
414 745 567 794 tormenta
580 725 689 842 lig'a'uu
703 731 787 811 qnod
801 728 921 838 epistula
933 723 994 785 Parii

175 825 306 886 Lumine
320 826 411 908 piena
424 827 525 900 canit,
538 826 648 890 v‘inriri
663 829 750 905 posse
764 809 929 895 diuisum,

173 913 296 978 Vinciri
308 939 371 978 uon
385 937 474 999 posse
488 920 581 982 fidem
590 919 803 997 ‚verbumque
815 916 909 976 teueri

178 1003 347 1090 Suppliciis
359 1031 422 1072 uon
435 1030 500 1072 esse
513 1014 636 1088 darum,
650 1012 853 1094 gradibusque
866 1003 933 1070 s'ub'
926 1003 978 1087 ipsis
1037 949 1039 1048 i

182 1098 347 1180 Constitit,
360 1103 482 1166 hebraeo
493 1101 581 1188 plebi
593 1123 734 1165 sermone
748 1103 884 1166 loculus.

182 1192 214 1255 Ο
230 1196 337 1258 iratres
350 1211 509 1279 patresque
521 1197 578 1259 viri
592 1219 642 1259 me
655 1198 763 1257 dusiis
762 1197 798 1260 in
813 1197 874 1256 o'ris

185 1288 244 1350 His
257 1293 373 1352 venisse
384 1294 510 1367 rudem,
525 1293 670 1352 doctrinae
683 1291 818 1350 deditus
815 1305 932 1349 ornnem
1041 1312 1042 1351 ι

186 1381 274 1466 Legis
288 1401 393 1444 amore
405 1384 466 1455 sui,
482 1384 569 1444 vobis
581 1385 677 1444 modo
688 1375 816 1449 testibus
827 1389 911 1466 ιιιοι,

188 1473 333 1553 Quorum
344 1477 457 1559 scripta
469 1477 569 1538 serens
581 1476 726 1538 ardebam
741 1478 823 1537 eaede
837 1469 964 1534 Damasci
1043 1552 1044 1557 ι

189 1565 387 1631 Christicolas
397 1571 507 1651 punire
519 1589 640 1653 greges,
655 1581 685 1630 et
697 1559 811 1632 fidibus
824 1567 904 1631 urbis

190 1660 281 1722 Hauc
292 1664 457 1742 probibere
468 1665 578 1734 fidem
592 1663 722 1723 sednon
737 1649 879 1724 mortalia
890 1662 990 1742 possud

190 1756 317 1815 ductori
329 1767 445 1818 serrare
458 1763 534 1817 suo
526 1781 533 1793 ·
548 1756 703 1817 descendit
715 1756 753 1817 ab
764 1756 853 1818 astris

192 1847 290 1909 Aucta
304 1841 368 1909 dies
381 1848 467 1907 latuit
475 1848 751 1932 ,caligantesque
732 1851 870 1911 tenebrae

194 1939 278 2016 Lux,
293 1939 405 2002 oculos
410 1939 543 2002 clausura
555 1961 659 2017 meos,
673 1953 703 2002 er
716 1925 754 2002 ab
765 1941 838 2026 igne
849 1953 961 2004 corruo

197 2030 336 2095 Orbibus
348 2033 544 2107 incumbunt,
559 2053 687 2110 quarum
699 2033 775 2092 mibi
786 2046 925 2115 tempore
935 2019 1005 2088 crevi

197 2127 371 2188 Adveniens
383 2148 454 2189 eum
465 2139 553 2187 nocte
566 2125 672 2206 jubar3
689 2127 861 2190 discernere
875 2139 962 2188 causas

197 2219 332 2282 Eventus
343 2231 413 2300 post
425 2220 502 2282 iacta
513 2217 604 2286 solet;
619 2219 699 2279 bene
713 2220 845 2280 vidimus
856 2215 964 2280 umbras

204 2312 316 2372 Usuri
307 2333 368 2392 lam
382 2312 445 2372 sole
455 2330 553 2385 novo,
568 2311 619 2370 sed
634 2323 664 2370 et
677 2311 800 2404 auribus
811 2311 898 2372 haesit

201 2401 328 2467 Clamor
338 2402 376 2463 ab
388 2422 442 2463 ore
455 2401 515 2463 Dei
525 2403 679 2484 ‚repetito
692 2391 819 2465 neruiue
833 2401 937 2474 Saule,

202 2495 257 2558 Me
271 2493 406 2556 Christus
418 2505 533 2556 terrore
545 2498 658 2576 quatit,
671 2517 710 2557 ne
721 2497 845 2580 signifer
857 2497 930 2557 ultra

202 2591 357 2653 Auderem
365 2587 483 2648 bellare
497 2590 574 2650 sibi:
590 2611 650 2670 quo
664 2593 729 2673 jure
742 2591 877 2674 negabo,

179 2681 185 2688 “
206 2683 278 2766 Quo
292 2682 418 2744 feriente
431 2683 527 2745 cado?
540 2685 624 2765 cujus
637 2686 675 2745 de
687 2704 813 2746 munere
828 2700 937 2766 pronus

207 2776 340 2841 Attollor
350 2777 476 2839 meliore
490 2776 553 2850 via,
569 2797 625 2858 per
637 2799 702 2856 quae
715 2779 806 2838 ardua
815 2795 919 2862 surgo,

211 2870 413 2949 sublimisque
425 2891 534 2950 sequor
546 2870 644 2932 felicia
659 2872 738 2932 dona
751 2872 854 2932 ruinae.

210 2964 282 3025 ιῙιιιιι
295 2963 364 3022 satis
377 2984 396 3022 o
410 2964 489 3026 cives
503 2963 634 3026 crudelia
647 2965 786 3024 norimus
800 2963 896 3024 arma!

213 3054 267 3120 Nil
281 3055 406 3116 dubium
419 3078 534 3140 pars
501 3056 552 3118 iila
565 3061 671 3133 docet,
685 3079 749 3137 quae
762 3070 836 3118 {esre
848 3058 930 3117 beata

219 3147 364 3229 Fungitur
374 3149 459 3211 bosle
471 3169 541 3212 suo:
556 3151 627 3230 quid
640 3151 735 3214 adbuc
748 3149 823 3214 libet
834 3170 894 3212 esse
895 3127 1029 3208 'nucum-³
