2102 3846
5 198 119 279 ·.to7.
209 205 682 265 normannorum.
841 201 897 287 169

5 305 182 364 Distectum
195 299 282 380 petiit
296 299 406 360 misero
418 301 602 381 spectamine
616 316 751 384 patrem,

5 395 234 472 blateriamqoe
248 393 293 453 sui
307 393 371 452 risit
383 395 550 455 deformior
561 410 662 473 ortus,

5 489 47 550 Et
59 490 129 571 plus
143 492 205 570 jam
218 487 313 568 turpis
324 489 434 547 nudato
449 489 584 572 simplice
598 511 738 570 nequam.

5 581 106 662 Quod
119 596 280 663 postquam
293 595 409 642 sanetus
418 583 514 663 potuit
528 605 706 666 cognoscere
720 587 808 666 Noe,

5 678 127 738 Natum
140 675 290 758 germanis
303 674 447 734 famulum
458 677 554 747 dedit3
572 678 642 738 iude
656 695 808 761 repertum

5 769 87 831 Tale
99 772 220 852 jugum:
237 769 335 830 cuncti
349 790 419 828 nam
432 770 546 830 semine
558 772 708 834 nascimur
720 797 789 838 uuo.

13 865 137 925 Servitii
150 878 231 926 certe
244 882 361 924 causam
375 864 479 926 fecisse
493 855 590 926 reatus

13 961 178 1037 Cernitur,
192 973 221 1018 et
235 959 312 1018 liber
325 978 452 1040 peccans
465 959 497 1018 fit
507 960 634 1021 crimine
644 982 744 1024 servus
757 987 765 1022 ι

11 1053 48 1114 Si
64 1074 183 1113 rursum
197 1075 274 1112 nexu
286 1052 414 1112 famulus
427 1052 583 1136 stringatur
596 1055 731 1132 honesti,

10 1148 141 1208 Natales
153 1147 266 1208 faciens
276 1147 414 1220 sibimet,
429 1148 489 1226 jam
502 1148 612 1207 nobilis
624 1149 674 1210 bic
687 1161 740 1210 est.

58 1240 193 1301 Nuntius
206 1240 339 1316 interea,
352 1241 465 1300 dudum
475 1241 527 1318 qui
540 1241 646 1301 missus
657 1243 693 1300 ab
703 1243 762 1302 alto

12 1333 176 1396 Detulerat
188 1332 212 1391 J
214 1346 279 1393 usto
293 1333 418 1394 coelestis
431 1353 557 1394 munera
568 1335 668 1409 verbi,

13 1428 162 1490 Protinus
176 1439 208 1486 ut
222 1427 355 1488 clausum
367 1427 459 1504 vidit,
475 1427 622 1506 rebusque
635 1428 745 1508 paratis

14 1523 203 1604 Exspectare
214 1521 315 1595 diem,
330 1541 430 1582 rursus
442 1521 621 1583 descendere
635 1521 711 1584 coelo

18 1617 201 1690 Festinans,
215 1613 297 1675 laxos
306 1613 436 1676 firmavit
448 1616 568 1677 cardine
581 1617 701 1696 postes,

20 1710 205 1788 Inclusitque
215 1709 314 1784 viros,
325 1720 413 1786 atque
427 1709 601 1770 ostia'fortia
614 1709 701 1770 traxit
709 1727 723 1786 ,·

23 1803 255 1883 Confestimque
268 1802 372 1864 levans¹
381 1799 490 1882 supero
500 1824 531 1864 se
541 1803 653 1865 rettulit
665 1803 719 1863 axi.

25 1896 111 1960 AEro
124 1910 277 1959 sexcentos
290 1897 391 1958 senior
402 1893 626 1980 transcenderat
639 1917 753 1973 annos,

25 1991 172 2072 Lunaque
185 1991 231 2052 bis
245 1990 352 2072 plenos
365 1990 493 2052 addebat
505 2003 657 2052 menstrua
669 2010 791 2068 cursus,

33 2082 187 2166 Septimus
200 2098 230 2146 et
243 2067 380 2146 decimus
393 2084 445 2164 qui
457 2095 527 2164 post
537 2083 674 2144 illuxerat
682 2085 751 2143 orbi

31 2175 165 2240 Ultimus
178 2178 229 2238 ille
243 2177 308 2238 dies
318 2179 379 2258 jam
390 2196 473 2238 nunc
486 2176 569 2236 dabit
582 2177 685 2236 omnia
697 2176 789 2260 letho.

71 2271 158 2334 llieet
171 2270 320 2352 obtegitur
333 2267 460 2347 coelum,
471 2268 636 2350 ¹nimiisque
647 2270 780 2332 tenebris
847 2342 852 2353 Ι

34 2365 125 2429 Victa
136 2365 325 2447 repelluntur
339 2364 443 2426 fuscati
456 2363 571 2425 lumina
585 2363 666 2424 solis.

35 2457 154 2522 Insanus
164 2459 326 2521 hominum
338 2470 454 2530 mentes
465 2456 513 2518 rix
524 2470 642 2542 tangere
655 2470 753 2519 terror

38 2551 342 2636 (imperandnsuetus
354 2571 425 2614 mox
437 2549 680 2634 profluit‘aetbere
693 2551 832 2628 nimbus,
880 2571 892 2580 ·

36 2644 74 2708 Et
85 2648 187 2710 valido
197 2648 333 2729 primum
344 2645 452 2708 similis
466 2647 634 2708 demittitur
643 2646 747 2708 imbriss

38 2740 129 2802 Arida
141 2755 291 2802 terrarum
305 2739 417 2822 pariter
427 2743 570 2802 maduere
581 2761 638 2820 per
650 2741 775 2814 orbem,

40 2831 109 2897 Una
118 2835 175 2896 luit
187 2847 250 2895 toto
262 2834 352 2897 facies
365 2847 395 2896 et
406 2833 510 2910 nubila
521 2833 608 2896 coelo.

38 2927 194 3014 AEgyptus
206 2942 278 2993 tune
289 2928 356 3011 ipsa
366 2947 458 2991 novas
468 2927 584 3009 expavit
597 2927 756 3001 aduodes,

41 3021 118 3086 Abit
132 3037 162 3086 et
175 3021 288 3098 infusus
296 3021 466 3103 Garamas,
482 3022 653 3111 dudumque
666 3021 795 3088 calentes
852 3031 855 3036 '
889 3073 893 3080 .
946 3004 952 3011 ’
1037 3059 1039 3066 r

758 3115 806 3177 15.
