2126 3848
266 265 697 368 Epicureorum.
758 350 762 359 .
864 311 923 376 283

10 394 97 456 Nec
112 415 241 471 serum,
253 410 303 457 aut
311 387 478 482 properum
492 404 643 468 sihiseutit
654 410 685 470 iu
694 413 921 498 ordinererum',

68 486 135 550 Coi
149 491 406 553 cuncta·assistunt
418 509 500 572 acta,
515 511 545 558 et
557 503 668 583 agenda
681 505 780 568 simul.

374 614 378 620 ·
421 587 536 650 XLV.

15 673 93 752 Qui
108 695 143 734 se
157 676 289 756 peccatis
299 681 405 760 gaudet
417 681 544 744 feliciter
558 685 618 760 uti,

64 765 185 828 Infelix
199 769 290 830 nimis
302 783 345 831 est
357 776 555 854 prosperitate
569 798 629 839 sua.

15 857 179 940 Dumque
191 863 271 942 capit
283 864 410 926 miseros
420 867 544 930 effectus
555 891 646 950 prava
659 874 813 954 voluutas,

66 953 95 1013 A
112 975 188 1016 vera
200 951 320 1040 semper
333 959 398 1020 luce
410 959 443 1019 fit
455 963 603 1039 exterior,
624 959 629 965 ¹

22 1045 163 1110 Sumens
175 1051 319 1130 pestifera
331 1054 367 1116 de
382 1057 595 1119 consuetudine
610 1060 719 1138 robur,

68 1139 113 1201 Et
125 1163 180 1204 sua
193 1146 395 1226 complectens
408 1150 525 1212 vincula
539 1153 646 1212 mortis
658 1174 754 1218 amor.
826 1233 830 1238 .

24 1232 186 1298 Deficiaut
197 1240 298 1319 potius
311 1262 384 1303 vana
398 1243 598 1305 oblectamina
611 1249 734 1326 mundi,

69 1327 307 1410 Subdanturque
319 1336 372 1415 pio
386 1336 626 1406 colladomanda
637 1342 725 1423 jugo,

19 1420 126 1502 Inque
136 1437 241 1504 putres
250 1426 340 1488 fibras
353 1431 512 1492 descendat
525 1452 595 1492 cura
609 1436 775 1515 medentis,

66 1514 118 1576 Ut
129 1517 277 1580 blandum
291 1523 430 1585 morbum
443 1524 536 1606 pellat
547 1527 643 1591 amica
655 1529 741 1592 salus.

376 1613 381 1618 ’
407 1615 543 1678 XLVI.

23 1701 123 1764 ludex
134 1705 251 1784 peccati
263 1706 310 1768 lex
320 1722 363 1768 est
375 1709 532 1790 plectenda
543 1716 688 1790 vetando,

68 1796 172 1875 Quae‚
188 1799 245 1858 nisi
257 1820 309 1861 cor
324 1805 448 1864 mundet
458 1804 579 1885 spiritus
591 1807 746 1870 interimit.

24 1887 143 1949 Nullus
156 1891 241 1951 euim
252 1906 296 1955 est
309 1895 410 1956 insons
421 1895 485 1958 sola
498 1897 661 1958 formidine
674 1921 787 1979 poenae,
819 1923 820 1926 ¹

69 1973 138 2060 Qui
151 1998 288 2046 sanctum
298 2031 312 2062 r
323 2001 351 2048 et
360 1991 545 2070 justumnon
560 2003 640 2050 amat
651 1993 834 2084 imperium,

30 2074 126 2139 Hunc
135 2091 240 2139 tamen
252 2081 393 2154 affectum
407 2103 470 2142 uon
481 2082 545 2158 lex,
560 2085 611 2144 sed
624 2086 718 2164 gratia
731 2088 864 2163 confert,
908 2103 912 2105 ’

1 2181 3 2212 1
72 2169 231 2250 Quodque
243 2173 326 2253 jubet
337 2174 523 2326 legiqgiltqqqq
530 2173 607 2324 qelle
620 2176 699 2238 facit.

30 2352 109 2414 Nou
120 2357 211 2416 servit
219 2358 304 2437 jussis
317 2357 389 2441 legis
401 2359 559 2439 prudentia
572 2346 686 2435 caruis,

76 2446 196 2511 Peccati
210 2451 346 2512 stimulos
357 2473 413 2512 nec
426 2471 568 2532 superare
581 2466 688 2532 potest.
759 2530 763 2535 ³
901 2536 904 2546 V

33 2541 95 2600 Sed
107 2543 179 2620 quia
191 2563 277 2624 mens
290 2564 400 2625 auceps
413 2544 525 2624 patitur
538 2545 616 2606 male
629 2549 767 2628 corporis
779 2553 847 2634 aegri
858 2545 879 2626 ,'

74 2633 226 2710 Quaerere
238 2636 374 2698 divinum
386 2637 521 2717 cogimur
532 2639 683 2699 auxilium.

33 2721 96 2785 Lex
107 2725 197 2808 igitur
213 2727 298 2804 facit,
313 2741 345 2787 ut
357 2742 496 2807 poscatur
507 2732 600 2812 gratia
616 2729 739 2792 Christi.

74 2819 201 2894 Ardua,
217 2840 274 2898 qua
284 2815 356 2904 leg'is
367 2816 445 2902 jussa
458 2835 568 2901 queant
579 2823 654 2882 fieri.

36 2909 106 2972 Nee
115 2913 180 2993 jam
193 2931 256 2972 nou
268 2913 363 2976 valeat
374 2915 506 2977 ceruales
519 2915 638 2976 vincere
649 2935 766 2992 sensus,
835 2984 838 2990 ,

78 3001 170 3082 Quos
180 3007 264 3087 justae
275 3007 347 3090 legis
356 3009 495 3072 conditor
507 3008 572 3088 ipse
582 3009 671 3088 juvat.
