<?xml version="1.0" encoding="UTF-8"?>
<!DOCTYPE html PUBLIC "-//W3C//DTD XHTML 1.0 Transitional//EN"
    "http://www.w3.org/TR/xhtml1/DTD/xhtml1-transitional.dtd">
<html xmlns="http://www.w3.org/1999/xhtml" xml:lang="en" lang="en">
 <head>
  <title>
</title>
<meta http-equiv="Content-Type" content="text/html;charset=utf-8" />
  <meta name='ocr-system' content='tesseract 3.04.00' />
  <meta name='ocr-capabilities' content='ocr_page ocr_carea ocr_par ocr_line ocrx_word'/>
</head>
<body>
  <div class='ocr_page' id='page_1' title='image "./caiicaeliisedul00sedugoog_0028.png"; bbox 0 0 2198 3844; ppageno 0'>
   <div class='ocr_carea' id='block_1_1' title="bbox 52 314 918 390">
    <p class='ocr_par' dir='ltr' id='par_1_1' title="bbox 52 314 918 390">
     <span class='ocr_line' id='line_1_1' title="bbox 52 314 918 390; baseline 0.006 -22"><span class='ocrx_word' id='word_1_1' title='bbox 52 325 153 390; x_wconf 72' lang='lat' dir='ltr'>unp.</span> <span class='ocrx_word' id='word_1_2' title='bbox 263 315 441 371; x_wconf 79' lang='lat' dir='ltr'><strong>GARMEN</strong></span> <span class='ocrx_word' id='word_1_3' title='bbox 472 314 707 373; x_wconf 70' lang='lat' dir='ltr'>Pnsctlttbd.</span> <span class='ocrx_word' id='word_1_4' title='bbox 882 331 918 374; x_wconf 81' lang='lat' dir='ltr'>aa</span> 
     </span>
    </p>
   </div>
   <div class='ocr_carea' id='block_1_2' title="bbox 33 407 923 3110">
    <p class='ocr_par' dir='ltr' id='par_1_2' title="bbox 52 407 774 500">
     <span class='ocr_line' id='line_1_2' title="bbox 52 407 774 500; baseline 0.006 -26"><span class='ocrx_word' id='word_1_5' title='bbox 52 407 200 500; x_wconf 75' lang='lat' dir='ltr'>Factorum</span> <span class='ocrx_word' id='word_1_6' title='bbox 209 414 342 498; x_wconf 82' lang='lat' dir='ltr'>lugiunt,</span> <span class='ocrx_word' id='word_1_7' title='bbox 360 429 407 488; x_wconf 79' lang='lat' dir='ltr'>ct,</span> <span class='ocrx_word' id='word_1_8' title='bbox 422 434 486 491; x_wconf 83' lang='lat' dir='ltr'>quae</span> <span class='ocrx_word' id='word_1_9' title='bbox 500 415 612 490; x_wconf 79' lang='lat' dir='ltr'>secere,</span> <span class='ocrx_word' id='word_1_10' title='bbox 627 425 774 478; x_wconf 84' lang='lat' dir='ltr'>verentur.</span> 
     </span>
    </p>

    <p class='ocr_par' dir='ltr' id='par_1_3' title="bbox 48 507 923 864">
     <span class='ocr_line' id='line_1_3' title="bbox 52 507 859 590; baseline 0.009 -21"><span class='ocrx_word' id='word_1_11' title='bbox 52 507 123 585; x_wconf 81' lang='lat' dir='ltr'>Quis</span> <span class='ocrx_word' id='word_1_12' title='bbox 134 511 214 570; x_wconf 82' lang='lat' dir='ltr'>furor</span> <span class='ocrx_word' id='word_1_13' title='bbox 226 525 285 583; x_wconf 80' lang='lat' dir='ltr'>est,</span> <span class='ocrx_word' id='word_1_14' title='bbox 300 532 365 590; x_wconf 83' lang='lat' dir='ltr'>qnae</span> <span class='ocrx_word' id='word_1_15' title='bbox 377 522 455 570; x_wconf 88' lang='lat' dir='ltr'>tanta</span> <span class='ocrx_word' id='word_1_16' title='bbox 468 509 591 568; x_wconf 89' lang='lat' dir='ltr'>animos&#39;</span> <span class='ocrx_word' id='word_1_17' title='bbox 602 510 751 572; x_wconf 88' lang='lat' dir='ltr'>dementia</span> <span class='ocrx_word' id='word_1_18' title='bbox 765 511 859 576; x_wconf 79' lang='lat' dir='ltr'>ludit?</span> 
     </span>
     <span class='ocr_line' id='line_1_4' title="bbox 50 601 919 685; baseline 0.008 -25"><span class='ocrx_word' id='word_1_19' title='bbox 50 601 919 685; x_wconf 68' lang='lat' dir='ltr'>U&#39;tvoluctem,turpemquebovem,tortumquedraconem‚</span> 
     </span>
     <span class='ocr_line' id='line_1_5' title="bbox 49 695 923 778; baseline 0.008 -22"><span class='ocrx_word' id='word_1_20' title='bbox 49 695 685 776; x_wconf 80' lang='lat' dir='ltr'>Semihnminemquecanemsupplexbomo</span> <span class='ocrx_word' id='word_1_21' title='bbox 694 696 923 778; x_wconf 80' lang='lat' dir='ltr'>plenusadoret?</span> 
     </span>
     <span class='ocr_line' id='line_1_6' title="bbox 48 789 697 864; baseline -0.005 -14"><span class='ocrx_word' id='word_1_22' title='bbox 48 796 99 850; x_wconf 78' lang='lat' dir='ltr'>Ast</span> <span class='ocrx_word' id='word_1_23' title='bbox 111 789 159 850; x_wconf 88' lang='lat' dir='ltr'>alii</span> <span class='ocrx_word' id='word_1_24' title='bbox 169 789 279 864; x_wconf 78' lang='lat' dir='ltr'>solem,</span> <span class='ocrx_word' id='word_1_25' title='bbox 296 792 409 852; x_wconf 79' lang='lat' dir='ltr'>caeearis</span> <span class='ocrx_word' id='word_1_26' title='bbox 423 789 572 850; x_wconf 89' lang='lat' dir='ltr'>mentibus</span> <span class='ocrx_word' id='word_1_27' title='bbox 586 789 661 862; x_wconf 84' lang='lat' dir='ltr'>acti,</span> <span class='ocrx_word' id='word_1_28' title='bbox 690 829 697 839; x_wconf 76' lang='grc'><strong>-</strong></span> 
     </span>
    </p>

    <p class='ocr_par' dir='ltr' id='par_1_4' title="bbox 49 882 826 1049">
     <span class='ocr_line' id='line_1_7' title="bbox 49 882 826 961; baseline 0.003 -17"><span class='ocrx_word' id='word_1_29' title='bbox 49 883 202 944; x_wconf 82' lang='lat' dir='ltr'>Affirmant</span> <span class='ocrx_word' id='word_1_30' title='bbox 216 904 315 942; x_wconf 86' lang='lat' dir='ltr'>rerum</span> <span class='ocrx_word' id='word_1_31' title='bbox 330 903 394 943; x_wconf 84' lang='lat' dir='ltr'>esse</span> <span class='ocrx_word' id='word_1_32' title='bbox 408 893 541 961; x_wconf 83' lang='lat' dir='ltr'>patrem,</span> <span class='ocrx_word' id='word_1_33' title='bbox 559 882 628 960; x_wconf 91' lang='lat' dir='ltr'>quia</span> <span class='ocrx_word' id='word_1_34' title='bbox 643 882 697 944; x_wconf 89' lang='lat' dir='ltr'>rite</span> <span class='ocrx_word' id='word_1_35' title='bbox 710 882 826 948; x_wconf 83' lang='lat' dir='ltr'>ridetur</span> 
     </span>
     <span class='ocr_line' id='line_1_8' title="bbox 52 973 702 1049; baseline -0.005 -11"><span class='ocrx_word' id='word_1_36' title='bbox 52 974 137 1038; x_wconf 78' lang='lat' dir='ltr'>Clara</span> <span class='ocrx_word' id='word_1_37' title='bbox 149 976 288 1038; x_wconf 86' lang='lat' dir='ltr'>serenatis</span> <span class='ocrx_word' id='word_1_38' title='bbox 301 975 458 1035; x_wconf 79' lang='lat' dir='ltr'>infundere</span> <span class='ocrx_word' id='word_1_39' title='bbox 472 973 585 1034; x_wconf 84' lang='lat' dir='ltr'>lumina</span> <span class='ocrx_word' id='word_1_40' title='bbox 596 976 702 1049; x_wconf 85' lang='lat' dir='ltr'>terris,</span> 
     </span>
    </p>

    <p class='ocr_par' dir='ltr' id='par_1_5' title="bbox 46 1068 870 1615">
     <span class='ocr_line' id='line_1_9' title="bbox 46 1068 791 1149; baseline 0.001 -20"><span class='ocrx_word' id='word_1_41' title='bbox 46 1069 87 1130; x_wconf 88' lang='lat' dir='ltr'>Et</span> <span class='ocrx_word' id='word_1_42' title='bbox 97 1083 190 1129; x_wconf 88' lang='lat' dir='ltr'>toturn</span> <span class='ocrx_word' id='word_1_43' title='bbox 205 1072 324 1130; x_wconf 83' lang='lat' dir='ltr'>lustrare</span> <span class='ocrx_word' id='word_1_44' title='bbox 338 1068 462 1149; x_wconf 82' lang='lat' dir='ltr'>polum3</span> <span class='ocrx_word' id='word_1_45' title='bbox 477 1088 546 1128; x_wconf 87' lang='lat' dir='ltr'>cum</span> <span class='ocrx_word' id='word_1_46' title='bbox 554 1079 669 1128; x_wconf 88' lang='lat' dir='ltr'>constet</span> <span class='ocrx_word' id='word_1_47' title='bbox 681 1070 715 1130; x_wconf 69' lang='lat' dir='ltr'>:rb</span> <span class='ocrx_word' id='word_1_48' title='bbox 730 1069 791 1130; x_wconf 83' lang='lat' dir='ltr'>istis</span> 
     </span>
     <span class='ocr_line' id='line_1_10' title="bbox 48 1161 813 1243; baseline 0.001 -21"><span class='ocrx_word' id='word_1_49' title='bbox 48 1161 200 1236; x_wconf 76' lang='lat' dir='ltr'>Motibus,</span> <span class='ocrx_word' id='word_1_50' title='bbox 214 1162 383 1224; x_wconf 80' lang='lat' dir='ltr'>instabilem</span> <span class='ocrx_word' id='word_1_51' title='bbox 398 1161 508 1242; x_wconf 80' lang='lat' dir='ltr'>rapidis</span> <span class='ocrx_word' id='word_1_52' title='bbox 518 1161 698 1222; x_wconf 80' lang='lat' dir='ltr'>discursibus</span> <span class='ocrx_word' id='word_1_53' title='bbox 712 1163 813 1243; x_wconf 85' lang='lat' dir='ltr'>ignem</span> 
     </span>
     <span class='ocr_line' id='line_1_11' title="bbox 49 1254 836 1332; baseline -0.001 -15"><span class='ocrx_word' id='word_1_54' title='bbox 49 1257 190 1320; x_wconf 85' lang='lat' dir='ltr'>Officium</span> <span class='ocrx_word' id='word_1_55' title='bbox 202 1301 211 1328; x_wconf 88' lang='lat'>‚</span> <span class='ocrx_word' id='word_1_56' title='bbox 222 1277 285 1316; x_wconf 90' lang='lat' dir='ltr'>non</span> <span class='ocrx_word' id='word_1_57' title='bbox 299 1277 361 1316; x_wconf 83' lang='lat' dir='ltr'>esse</span> <span class='ocrx_word' id='word_1_58' title='bbox 375 1255 498 1325; x_wconf 81' lang='lat' dir='ltr'>Deum,</span> <span class='ocrx_word' id='word_1_59' title='bbox 513 1254 624 1332; x_wconf 87' lang='lat' dir='ltr'>quique</span> <span class='ocrx_word' id='word_1_60' title='bbox 635 1255 741 1314; x_wconf 82' lang='lat' dir='ltr'>ordine</span> <span class='ocrx_word' id='word_1_61' title='bbox 754 1268 836 1316; x_wconf 85' lang='lat' dir='ltr'>certo</span> 
     </span>
     <span class='ocr_line' id='line_1_12' title="bbox 47 1346 808 1424; baseline -0.004 -12"><span class='ocrx_word' id='word_1_62' title='bbox 47 1351 138 1412; x_wconf 83' lang='lat' dir='ltr'>Nunc</span> <span class='ocrx_word' id='word_1_63' title='bbox 151 1350 265 1424; x_wconf 87' lang='lat' dir='ltr'>oritur,</span> <span class='ocrx_word' id='word_1_64' title='bbox 279 1370 359 1411; x_wconf 87' lang='lat' dir='ltr'>nunc</span> <span class='ocrx_word' id='word_1_65' title='bbox 372 1349 510 1410; x_wconf 85' lang='lat' dir='ltr'>occiduas</span> <span class='ocrx_word' id='word_1_66' title='bbox 518 1347 661 1406; x_wconf 88' lang='lat' dir='ltr'>demissus</span> <span class='ocrx_word' id='word_1_67' title='bbox 674 1346 705 1406; x_wconf 92' lang='lat' dir='ltr'>in</span> <span class='ocrx_word' id='word_1_68' title='bbox 720 1368 787 1410; x_wconf 90' lang='lat' dir='ltr'>oras</span> <span class='ocrx_word' id='word_1_69' title='bbox 805 1389 808 1394; x_wconf 87' lang='lat'>·</span> 
     </span>
     <span class='ocr_line' id='line_1_13' title="bbox 48 1442 870 1520; baseline 0.001 -16"><span class='ocrx_word' id='word_1_70' title='bbox 48 1443 178 1504; x_wconf 78' lang='lat' dir='ltr'>Partitur</span> <span class='ocrx_word' id='word_1_71' title='bbox 192 1464 259 1505; x_wconf 86' lang='lat' dir='ltr'>cnm</span> <span class='ocrx_word' id='word_1_72' title='bbox 273 1456 362 1504; x_wconf 69' lang='lat' dir='ltr'>nome</span> <span class='ocrx_word' id='word_1_73' title='bbox 374 1443 455 1503; x_wconf 80' lang='lat' dir='ltr'>vices</span> <span class='ocrx_word' id='word_1_74' title='bbox 464 1485 477 1512; x_wconf 87' lang='lat'>‚.</span> <span class='ocrx_word' id='word_1_75' title='bbox 486 1463 542 1503; x_wconf 92' lang='lat' dir='ltr'>nec</span> <span class='ocrx_word' id='word_1_76' title='bbox 554 1461 674 1520; x_wconf 79' lang='lat' dir='ltr'>semper</span> <span class='ocrx_word' id='word_1_77' title='bbox 686 1442 796 1520; x_wconf 89' lang='lat' dir='ltr'>ubique</span> <span class='ocrx_word' id='word_1_78' title='bbox 809 1456 870 1520; x_wconf 87' lang='lat' dir='ltr'>est,</span> 
     </span>
     <span class='ocr_line' id='line_1_14' title="bbox 47 1535 792 1615; baseline -0.004 -17"><span class='ocrx_word' id='word_1_79' title='bbox 47 1537 112 1598; x_wconf 90' lang='lat' dir='ltr'>Nec</span> <span class='ocrx_word' id='word_1_80' title='bbox 124 1537 227 1597; x_wconf 86' lang='lat' dir='ltr'>lumen</span> <span class='ocrx_word' id='word_1_81' title='bbox 242 1536 296 1595; x_wconf 89' lang='lat' dir='ltr'>fuit</span> <span class='ocrx_word' id='word_1_82' title='bbox 309 1535 360 1596; x_wconf 85' lang='lat' dir='ltr'>i¹le</span> <span class='ocrx_word' id='word_1_83' title='bbox 371 1555 495 1594; x_wconf 85' lang='lat' dir='ltr'>manens</span> <span class='ocrx_word' id='word_1_84' title='bbox 504 1535 535 1594; x_wconf 92' lang='lat' dir='ltr'>in</span> <span class='ocrx_word' id='word_1_85' title='bbox 547 1536 660 1615; x_wconf 74' lang='lat' dir='ltr'>origine</span> <span class='ocrx_word' id='word_1_86' title='bbox 672 1538 792 1610; x_wconf 67' lang='lat' dir='ltr'>mundi3</span> 
     </span>
    </p>

    <p class='ocr_par' dir='ltr' id='par_1_6' title="bbox 46 1622 922 1896">
     <span class='ocr_line' id='line_1_15' title="bbox 48 1622 877 1712; baseline -0.001 -19"><span class='ocrx_word' id='word_1_87' title='bbox 48 1629 126 1694; x_wconf 89' lang='lat' dir='ltr'>Cum</span> <span class='ocrx_word' id='word_1_88' title='bbox 139 1630 293 1712; x_wconf 81' lang='lat' dir='ltr'>geminum</span> <span class='ocrx_word' id='word_1_89' title='bbox 307 1629 370 1689; x_wconf 91' lang='lat' dir='ltr'>sine</span> <span class='ocrx_word' id='word_1_90' title='bbox 382 1628 446 1688; x_wconf 86' lang='lat' dir='ltr'>sole</span> <span class='ocrx_word' id='word_1_91' title='bbox 455 1622 536 1690; x_wconf 85' lang='lat' dir='ltr'>diem</span> <span class='ocrx_word' id='word_1_92' title='bbox 548 1648 640 1688; x_wconf 84' lang='lat' dir='ltr'>nurus</span> <span class='ocrx_word' id='word_1_93' title='bbox 654 1630 735 1690; x_wconf 83' lang='lat' dir='ltr'>orbis</span> <span class='ocrx_word' id='word_1_94' title='bbox 746 1629 877 1701; x_wconf 83' lang='lat' dir='ltr'>baberet.</span> 
     </span>
     <span class='ocr_line' id='line_1_16' title="bbox 47 1721 922 1802; baseline 0.001 -17"><span class='ocrx_word' id='word_1_95' title='bbox 47 1721 96 1785; x_wconf 84' lang='lat' dir='ltr'>Sic</span> <span class='ocrx_word' id='word_1_96' title='bbox 108 1724 318 1802; x_wconf 72' lang='lat' dir='ltr'>lunee‘qnoque</span> <span class='ocrx_word' id='word_1_97' title='bbox 328 1734 396 1785; x_wconf 87' lang='lat' dir='ltr'>vota</span> <span class='ocrx_word' id='word_1_98' title='bbox 406 1721 523 1796; x_wconf 82' lang='lat' dir='ltr'>ferunt,</span> <span class='ocrx_word' id='word_1_99' title='bbox 540 1742 628 1799; x_wconf 88' lang='lat' dir='ltr'>qnam</span> <span class='ocrx_word' id='word_1_100' title='bbox 639 1742 770 1784; x_wconf 88' lang='lat' dir='ltr'>crescere</span> <span class='ocrx_word' id='word_1_101' title='bbox 785 1737 922 1800; x_wconf 88' lang='lat' dir='ltr'>cernunt,</span> 
     </span>
     <span class='ocr_line' id='line_1_17' title="bbox 46 1814 810 1896; baseline -0.001 -19"><span class='ocrx_word' id='word_1_102' title='bbox 46 1816 88 1879; x_wconf 85' lang='lat' dir='ltr'>lle</span> <span class='ocrx_word' id='word_1_103' title='bbox 100 1817 219 1891; x_wconf 82' lang='lat' dir='ltr'>minui,</span> <span class='ocrx_word' id='word_1_104' title='bbox 234 1816 383 1895; x_wconf 69' lang='lat' dir='ltr'>stellisque</span> <span class='ocrx_word' id='word_1_105' title='bbox 395 1814 497 1888; x_wconf 83' lang='lat' dir='ltr'>litant,</span> <span class='ocrx_word' id='word_1_106' title='bbox 510 1837 575 1893; x_wconf 83' lang='lat' dir='ltr'>quae</span> <span class='ocrx_word' id='word_1_107' title='bbox 584 1814 653 1874; x_wconf 84' lang='lat' dir='ltr'>&#39;luce</span> <span class='ocrx_word' id='word_1_108' title='bbox 667 1815 810 1896; x_wconf 81' lang='lat' dir='ltr'>fugantur.</span> 
     </span>
    </p>

    <p class='ocr_par' dir='ltr' id='par_1_7' title="bbox 46 1909 835 1989">
     <span class='ocr_line' id='line_1_18' title="bbox 46 1909 835 1989; baseline -0.001 -18"><span class='ocrx_word' id='word_1_109' title='bbox 46 1909 107 1973; x_wconf 89' lang='lat' dir='ltr'>llic</span> <span class='ocrx_word' id='word_1_110' title='bbox 119 1911 241 1970; x_wconf 88' lang='lat' dir='ltr'>laticem</span> <span class='ocrx_word' id='word_1_111' title='bbox 253 1909 345 1982; x_wconf 85' lang='lat' dir='ltr'>colit,</span> <span class='ocrx_word' id='word_1_112' title='bbox 359 1909 410 1968; x_wconf 93' lang='lat' dir='ltr'>ille</span> <span class='ocrx_word' id='word_1_113' title='bbox 424 1909 534 1980; x_wconf 72' lang='lat' dir='ltr'>larem,</span> <span class='ocrx_word' id='word_1_114' title='bbox 548 1909 599 1968; x_wconf 89' lang='lat' dir='ltr'>sed</span> <span class='ocrx_word' id='word_1_115' title='bbox 610 1910 731 1989; x_wconf 81' lang='lat' dir='ltr'>jungere</span> <span class='ocrx_word' id='word_1_116' title='bbox 745 1909 835 1970; x_wconf 84' lang='lat' dir='ltr'>sacris</span> 
     </span>
    </p>

    <p class='ocr_par' dir='ltr' id='par_1_8' title="bbox 42 2001 761 2080">
     <span class='ocr_line' id='line_1_19' title="bbox 42 2001 761 2080; baseline -0.004 -15"><span class='ocrx_word' id='word_1_117' title='bbox 42 2003 72 2064; x_wconf 93' lang='lat' dir='ltr'>N</span> <span class='ocrx_word' id='word_1_118' title='bbox 75 2026 115 2065; x_wconf 89' lang='lat' dir='ltr'>un</span> <span class='ocrx_word' id='word_1_119' title='bbox 127 2005 239 2065; x_wconf 89' lang='lat' dir='ltr'>audent</span> <span class='ocrx_word' id='word_1_120' title='bbox 248 2003 370 2063; x_wconf 83' lang='lat' dir='ltr'>inimica</span> <span class='ocrx_word' id='word_1_121' title='bbox 381 2002 460 2074; x_wconf 81' lang='lat' dir='ltr'>suis,</span> <span class='ocrx_word' id='word_1_122' title='bbox 475 2022 512 2062; x_wconf 89' lang='lat' dir='ltr'>ne</span> <span class='ocrx_word' id='word_1_123' title='bbox 524 2001 577 2060; x_wconf 83' lang='lat' dir='ltr'>lite</span> <span class='ocrx_word' id='word_1_124' title='bbox 590 2002 761 2080; x_wconf 82' lang='lat' dir='ltr'>propinqua</span> 
     </span>
    </p>

    <p class='ocr_par' dir='ltr' id='par_1_9' title="bbox 41 2093 720 2180">
     <span class='ocr_line' id='line_1_20' title="bbox 41 2093 720 2180; baseline -0.012 -22"><span class='ocrx_word' id='word_1_125' title='bbox 41 2098 102 2158; x_wconf 82' lang='lat' dir='ltr'>lint</span> <span class='ocrx_word' id='word_1_126' title='bbox 117 2119 207 2180; x_wconf 80' lang='lat' dir='ltr'>rogus</span> <span class='ocrx_word' id='word_1_127' title='bbox 218 2097 334 2179; x_wconf 75' lang='lat' dir='ltr'>exiguas</span> <span class='ocrx_word' id='word_1_128' title='bbox 347 2096 476 2156; x_wconf 79' lang='lat' dir='ltr'>desiccet</span> <span class='ocrx_word' id='word_1_129' title='bbox 488 2094 597 2154; x_wconf 87' lang='lat' dir='ltr'>sortior</span> <span class='ocrx_word' id='word_1_130' title='bbox 611 2093 720 2162; x_wconf 85' lang='lat' dir='ltr'>undas,</span> 
     </span>
    </p>

    <p class='ocr_par' dir='ltr' id='par_1_10' title="bbox 39 2184 761 2363">
     <span class='ocr_line' id='line_1_21' title="bbox 41 2184 761 2270; baseline -0.003 -18"><span class='ocrx_word' id='word_1_131' title='bbox 41 2191 101 2252; x_wconf 89' lang='lat' dir='ltr'>Ant</span> <span class='ocrx_word' id='word_1_132' title='bbox 112 2191 219 2252; x_wconf 81' lang='lat' dir='ltr'>validis</span> <span class='ocrx_word' id='word_1_133' title='bbox 231 2204 332 2252; x_wconf 86' lang='lat' dir='ltr'>tenues</span> <span class='ocrx_word' id='word_1_134' title='bbox 345 2189 513 2250; x_wconf 84' lang='lat' dir='ltr'>moriantur</span> <span class='ocrx_word' id='word_1_135' title='bbox 526 2185 657 2246; x_wconf 79' lang='lat' dir='ltr'>lontibus</span> <span class='ocrx_word' id='word_1_136' title='bbox 670 2184 761 2270; x_wconf 81' lang='lat' dir='ltr'>ignes.</span> 
     </span>
     <span class='ocr_line' id='line_1_22' title="bbox 39 2281 629 2363; baseline -0.01 -19"><span class='ocrx_word' id='word_1_137' title='bbox 39 2284 190 2345; x_wconf 76' lang='lat' dir='ltr'>Arboreis</span> <span class='ocrx_word' id='word_1_138' title='bbox 200 2284 275 2346; x_wconf 87' lang='lat' dir='ltr'>alius</span> <span class='ocrx_word' id='word_1_139' title='bbox 286 2285 372 2363; x_wconf 87' lang='lat' dir='ltr'>ponit</span> <span class='ocrx_word' id='word_1_140' title='bbox 385 2281 532 2343; x_wconf 76' lang='lat' dir='ltr'>radicibus</span> <span class='ocrx_word' id='word_1_141' title='bbox 545 2300 629 2353; x_wconf 84' lang='lat' dir='ltr'>aras,</span> 
     </span>
    </p>

    <p class='ocr_par' dir='ltr' id='par_1_11' title="bbox 39 2373 728 2457">
     <span class='ocr_line' id='line_1_23' title="bbox 39 2373 728 2457; baseline -0.009 -19"><span class='ocrx_word' id='word_1_142' title='bbox 39 2376 234 2456; x_wconf 88' lang='lat' dir='ltr'>Instituitque</span> <span class='ocrx_word' id='word_1_143' title='bbox 249 2379 358 2457; x_wconf 80' lang='lat' dir='ltr'>dapes,</span> <span class='ocrx_word' id='word_1_144' title='bbox 373 2389 402 2436; x_wconf 88' lang='lat' dir='ltr'>et</span> <span class='ocrx_word' id='word_1_145' title='bbox 414 2395 513 2434; x_wconf 88' lang='lat' dir='ltr'>ramos</span> <span class='ocrx_word' id='word_1_146' title='bbox 526 2373 634 2434; x_wconf 89' lang='lat' dir='ltr'>llebilis</span> <span class='ocrx_word' id='word_1_147' title='bbox 644 2386 728 2448; x_wconf 84' lang='lat' dir='ltr'>orat,</span> 
     </span>
    </p>

    <p class='ocr_par' dir='ltr' id='par_1_12' title="bbox 36 2466 908 2742">
     <span class='ocr_line' id='line_1_24' title="bbox 39 2466 858 2549; baseline -0.009 -18"><span class='ocrx_word' id='word_1_148' title='bbox 39 2470 82 2531; x_wconf 90' lang='lat' dir='ltr'>Ut</span> <span class='ocrx_word' id='word_1_149' title='bbox 94 2484 204 2543; x_wconf 81' lang='lat' dir='ltr'>natos,</span> <span class='ocrx_word' id='word_1_150' title='bbox 219 2491 377 2549; x_wconf 84' lang='lat' dir='ltr'>caramque</span> <span class='ocrx_word' id='word_1_151' title='bbox 392 2471 536 2534; x_wconf 83' lang='lat' dir='ltr'>domum,</span> <span class='ocrx_word' id='word_1_152' title='bbox 551 2466 715 2547; x_wconf 87' lang='lat' dir='ltr'>dilectaque</span> <span class='ocrx_word' id='word_1_153' title='bbox 730 2487 820 2545; x_wconf 86' lang='lat' dir='ltr'>rura,</span> <span class='ocrx_word' id='word_1_154' title='bbox 852 2515 858 2524; x_wconf 94' lang='lat'><em>.</em></span> 
     </span>
     <span class='ocr_line' id='line_1_25' title="bbox 39 2561 908 2647; baseline 0.002 -22"><span class='ocrx_word' id='word_1_155' title='bbox 39 2563 251 2647; x_wconf 82' lang='lat' dir='ltr'>Cnnjugisqne</span> <span class='ocrx_word' id='word_1_156' title='bbox 262 2563 369 2638; x_wconf 83' lang='lat' dir='ltr'>fidem,</span> <span class='ocrx_word' id='word_1_157' title='bbox 382 2561 526 2633; x_wconf 80' lang='lat' dir='ltr'>famulos,</span> <span class='ocrx_word' id='word_1_158' title='bbox 540 2580 719 2638; x_wconf 88' lang='lat' dir='ltr'>censumque</span> <span class='ocrx_word' id='word_1_159' title='bbox 732 2563 908 2642; x_wconf 80' lang='lat' dir='ltr'>gubernent.</span> 
     </span>
     <span class='ocr_line' id='line_1_26' title="bbox 36 2653 764 2742; baseline -0.012 -21"><span class='ocrx_word' id='word_1_160' title='bbox 36 2657 174 2742; x_wconf 60' lang='lat' dir='ltr'>Ligna,</span> <span class='ocrx_word' id='word_1_161' title='bbox 187 2656 267 2740; x_wconf 77' lang='lat' dir='ltr'>ligna</span> <span class='ocrx_word' id='word_1_162' title='bbox 276 2677 378 2740; x_wconf 79' lang='lat' dir='ltr'>rogas,</span> <span class='ocrx_word' id='word_1_163' title='bbox 391 2655 488 2718; x_wconf 87' lang='lat' dir='ltr'>surdis</span> <span class='ocrx_word' id='word_1_164' title='bbox 498 2653 627 2716; x_wconf 90' lang='lat' dir='ltr'>clamare</span> <span class='ocrx_word' id='word_1_165' title='bbox 639 2653 764 2730; x_wconf 85' lang='lat' dir='ltr'>videris,</span> 
     </span>
    </p>

    <p class='ocr_par' dir='ltr' id='par_1_13' title="bbox 35 2745 770 2831">
     <span class='ocr_line' id='line_1_27' title="bbox 35 2745 770 2831; baseline -0.005 -19"><span class='ocrx_word' id='word_1_166' title='bbox 35 2751 64 2812; x_wconf 88' lang='grc' dir='ltr'>Α</span> <span class='ocrx_word' id='word_1_167' title='bbox 75 2754 174 2826; x_wconf 79' lang='lat' dir='ltr'>mutis</span> <span class='ocrx_word' id='word_1_168' title='bbox 187 2770 330 2831; x_wconf 85' lang='lat' dir='ltr'>responsa</span> <span class='ocrx_word' id='word_1_169' title='bbox 342 2750 434 2831; x_wconf 87' lang='lat' dir='ltr'>petis,</span> <span class='ocrx_word' id='word_1_170' title='bbox 450 2750 588 2829; x_wconf 85' lang='lat' dir='ltr'>quaejura</span> <span class='ocrx_word' id='word_1_171' title='bbox 598 2745 770 2808; x_wconf 89' lang='lat' dir='ltr'>domorum·</span> 
     </span>
    </p>

    <p class='ocr_par' dir='ltr' id='par_1_14' title="bbox 36 2839 753 2925">
     <span class='ocr_line' id='line_1_28' title="bbox 36 2839 753 2925; baseline -0.006 -20"><span class='ocrx_word' id='word_1_172' title='bbox 36 2844 107 2908; x_wconf 89' lang='lat' dir='ltr'>llac</span> <span class='ocrx_word' id='word_1_173' title='bbox 122 2844 245 2906; x_wconf 78' lang='lat' dir='ltr'>retiene&#39;</span> <span class='ocrx_word' id='word_1_174' title='bbox 256 2856 378 2925; x_wconf 81' lang='lat' dir='ltr'>regunt,</span> <span class='ocrx_word' id='word_1_175' title='bbox 392 2843 417 2914; x_wconf 85' lang='lat' dir='ltr'>si</span> <span class='ocrx_word' id='word_1_176' title='bbox 427 2862 502 2904; x_wconf 86' lang='lat' dir='ltr'>caesa</span> <span class='ocrx_word' id='word_1_177' title='bbox 516 2839 669 2901; x_wconf 88' lang='lat' dir='ltr'>securibus</span> <span class='ocrx_word' id='word_1_178' title='bbox 681 2839 753 2901; x_wconf 87' lang='lat' dir='ltr'>actis</span> 
     </span>
    </p>

    <p class='ocr_par' dir='ltr' id='par_1_15' title="bbox 34 2933 729 3018">
     <span class='ocr_line' id='line_1_29' title="bbox 34 2933 729 3018; baseline -0.01 -20"><span class='ocrx_word' id='word_1_179' title='bbox 34 2938 144 3000; x_wconf 82' lang='lat' dir='ltr'>Ardua</span> <span class='ocrx_word' id='word_1_180' title='bbox 158 2935 489 3018; x_wconf 86' lang='lat' dir='ltr'>pendentissustentent</span> <span class='ocrx_word' id='word_1_181' title='bbox 501 2933 632 2995; x_wconf 88' lang='lat' dir='ltr'>culmina</span> <span class='ocrx_word' id='word_1_182' title='bbox 643 2933 729 3009; x_wconf 83' lang='lat' dir='ltr'>tecti,</span> 
     </span>
    </p>

    <p class='ocr_par' dir='ltr' id='par_1_16' title="bbox 33 3025 813 3110">
     <span class='ocr_line' id='line_1_30' title="bbox 33 3025 813 3110; baseline -0.001 -20"><span class='ocrx_word' id='word_1_183' title='bbox 33 3030 96 3092; x_wconf 79' lang='lat' dir='ltr'>Aut</span> <span class='ocrx_word' id='word_1_184' title='bbox 106 3031 246 3110; x_wconf 87' lang='lat' dir='ltr'>subjecta</span> <span class='ocrx_word' id='word_1_185' title='bbox 259 3029 333 3090; x_wconf 85' lang='lat' dir='ltr'>locis</span> <span class='ocrx_word' id='word_1_186' title='bbox 347 3029 473 3110; x_wconf 80' lang='lat' dir='ltr'>dapibus</span> <span class='ocrx_word' id='word_1_187' title='bbox 486 3025 667 3088; x_wconf 86' lang='lat' dir='ltr'>famulentur</span> <span class='ocrx_word' id='word_1_188' title='bbox 681 3026 813 3090; x_wconf 85' lang='lat' dir='ltr'>edendis.</span> 
     </span>
    </p>
   </div>
   <div class='ocr_carea' id='block_1_3' title="bbox 34 3111 860 3218">
    <p class='ocr_par' dir='ltr' id='par_1_17' title="bbox 34 3111 860 3218">
     <span class='ocr_line' id='line_1_31' title="bbox 34 3111 860 3218; baseline 0.001 -34"><span class='ocrx_word' id='word_1_189' title='bbox 34 3121 197 3186; x_wconf 85' lang='lat' dir='ltr'>Nonnulli</span> <span class='ocrx_word' id='word_1_190' title='bbox 209 3135 386 3190; x_wconf 78' lang='lat' dir='ltr'>uenerantur</span> <span class='ocrx_word' id='word_1_191' title='bbox 397 3121 480 3201; x_wconf 81' lang='lat' dir='ltr'>elus,</span> <span class='ocrx_word' id='word_1_192' title='bbox 495 3120 659 3218; x_wconf 69' lang='lat' dir='ltr'>mollesque</span> <span class='ocrx_word' id='word_1_193' title='bbox 673 3141 729 3203; x_wconf 87' lang='lat' dir='ltr'>per</span> <span class='ocrx_word' id='word_1_194' title='bbox 740 3111 860 3184; x_wconf 34' lang='lat' dir='ltr'>hortos*</span> 
     </span>
    </p>
   </div>
   <div class='ocr_carea' id='block_1_4' title="bbox 768 3213 789 3279">
    <p class='ocr_par' dir='ltr' id='par_1_18' title="bbox 768 3213 789 3279">
     <span class='ocr_line' id='line_1_32' title="bbox 768 3213 789 3279; baseline 0 0"><span class='ocrx_word' id='word_1_195' title='bbox 768 3213 789 3279; x_wconf 78' lang='grc'>3</span> 
     </span>
    </p>
   </div>
   <div class='ocr_carea' id='block_1_5' title="bbox 0 0 1104 3844">
    <p class='ocr_par' dir='ltr' id='par_1_19' title="bbox 0 0 1104 3844">
     <span class='ocr_line' id='line_1_33' title="bbox 0 0 1104 3844; baseline 0 5"><span class='ocrx_word' id='word_1_196' title='bbox 0 0 1104 3844; x_wconf 95' lang='lat' dir='ltr'> </span> 
     </span>
    </p>
   </div>
  </div>
 </body>
</html>
