2126 3848
115 281 175 344 302
376 288 740 342 D.PROSPER1

156 384 320 463 Aspectum
333 382 415 462 cujus
424 379 507 440 nulla
519 393 637 442 remota
649 381 750 442 latent.

115 476 197 538 Talis
209 475 346 536 laudetur
357 475 462 557 judex,
476 473 636 552 timeatur,
651 487 783 551 ametur,

158 569 223 648 Qui
237 563 306 629 vere
318 570 409 650 justus
420 581 597 650 permanet,
610 581 696 648 atque
708 569 825 643 bouus,

26 717 33 728 .
115 663 267 730 Adversus
281 681 442 736 revocans,
457 662 609 723 conversis
621 673 726 740 concta
738 661 918 738 remittens,

156 756 256 836 Atque
268 754 355 818 maiis
366 754 486 815 veniam
500 755 618 830 dando,
633 754 870 836 bonosiaciens.

113 847 188 912 Non
202 849 425 931 erguaudacter
439 867 525 908 meus
539 848 602 908 veri
615 846 715 908 nescia
728 847 854 928 culpet,

158 941 252 1023 Quod
264 940 376 1023 placuit
390 941 502 1002 summi
515 941 622 1023 judicis
635 939 782 1014 arbitrio,

121 1035 182 1098 Sed
196 1036 302 1097 subdat
316 1054 379 1096 sese
392 1036 470 1116 justo
485 1033 652 1118 ignorantia
663 1033 754 1116 regi,¹

158 1129 223 1209 Qui
235 1147 405 1212 nunquam,
420 1149 485 1208 quae
497 1141 566 1188 sunt
578 1147 640 1188 non
651 1126 751 1201 bona,
765 1126 846 1189 velle
860 1140 970 1210 potest

492 1218 628 1282 xctx.

119 1315 224 1386 Nemo
238 1337 297 1378 suae
310 1301 419 1378 mentis
431 1305 530 1376 motus
543 1333 606 1374 non
620 1313 746 1374 aestimat
758 1335 885 1394 aequos,

160 1408 315 1489 Quodque
329 1409 433 1488 volunt
445 1406 606 1484 homines,
620 1428 652 1468 se
662 1407 740 1469 bene
752 1407 831 1469 velie
847 1421 971 1489 putant.

118 1501 211 1562 Unde
224 1502 305 1564 anim
311 1522 348 1570 us,
359 1501 450 1563 celeri
463 1521 537 1584 pace
549 1513 592 1560 est
608 1503 790 1562 revocandus
800 1501 843 1562 'ab
856 1502 924 1578 ira,

157 1593 189 1654 N
192 1616 207 1655 e
222 1596 316 1655 robur
332 1595 415 1656 saevis
428 1608 567 1676 tempora
582 1596 653 1656 dent
665 1596 761 1656 odiis:

120 1686 261 1748 Offensus
272 1685 394 1747 sibimet
407 1689 560 1768 parcentia
573 1690 663 1750 corda
675 1689 843 1750 remittant:

165 1781 250 1842 Nam
263 1765 355 1842 nemo
371 1794 429 1858 est,
445 1783 570 1863 quinon
585 1771 716 1866 indigeat¹
726 1784 831 1861 venia,

124 1873 230 1958 Quam
245 1877 339 1937 nostri
351 1896 503 1937 memores
514 1877 620 1937 mundi
634 1877 712 1939 inter
725 1896 801 1940 vana
812 1879 974 1958 vicissim,

164 1967 319 2032 Omnibus
331 1970 363 2032 in
375 1969 516 2058 causis'et
527 1971 647 2050 damus,
663 1983 692 2031 et
703 1970 844 2054 petimus.

127 2157 236 2222 Cultor
248 2158 384 2242 justitiae,
400 2158 509 2221 divinae
521 2157 604 2242 pacis
616 2171 753 2236 amator,

165 2250 269 2331 Quem
283 2267 370 2316 vocat
380 2253 419 2313 ad
431 2273 583 2313 summum
594 2253 655 2313 vita
667 2253 753 2315 beata
763 2255 885 2318 bonum
899 2279 908 2330 ;

124 2342 275 2408 Scandere
289 2359 460 2406 constanter
471 2347 588 2420 deutrus
598 2346 711 2408 enitere
724 2348 832 2425 calles,

151 2435 345 2517 ‘Despicieus
356 2436 428 2498 levae
442 2439 530 2500 noxia
542 2439 630 2521 plana
643 2440 706 2502 viae.

74 2553 78 2557 ·
105 2567 107 2572 ·
122 2529 230 2591 Totius
243 2541 286 2591 est
297 2531 387 2596 duros
399 2533 504 2591 mundi
518 2533 646 2595 tolerare
658 2532 796 2610 labores,

165 2622 328 2704 Infestique
342 2623 435 2684 bostis
448 2623 551 2705 praelia
565 2647 639 2689 saera
651 2626 723 2708 pati.
1059 2609 1060 2673 i

125 2715 228 2795 Quam
241 2719 353 2782 victum
367 2717 474 2781 officiis
487 2718 623 2780 animum
634 2721 810 2783 submittere
824 2721 969 2802 blandis,

166 2810 322 2893 Captaque
335 2812 435 2876 servili
449 2813 576 2874 subdere
592 2813 669 2875 coila
680 2816 759 2898 jugo.

123 2901 279 2988 Tempore
292 2906 324 2965 in
338 2906 464 2968 occiduo
477 2928 539 2968 non
554 2907 634 2991 longi
648 2920 692 2969 est
704 2929 772 2970 usus
782 2909 930 2988 honoris,

124 2996 129 3002 ”
168 2995 210 3057 Et
223 2997 314 3064 celeri
327 2998 410 3082 lapsu
423 3001 528 3085 gaudia
540 3001 613 3062 salsa
626 3001 747 3064 fluunt«

125 3091 235 3158 Finem
249 3094 337 3178 igitur
350 3095 469 3180 proprii
482 3097 601 3178 sapiens
614 3098 817 3180 speculabitur
829 3102 909 3180 aeri,

72 813 81 840 9
