2106 3846
265 303 728 370 temnuntur
850 329 917 402 271·

42 423 123 483 sque
137 401 259 462 adeone
267 402 405 464 bonum
396 407 549 490 ingenium
562 423 591 472 et
603 411 741 498 facundia
752 417 835 484 dives

48 493 229 556 Ostentare
241 508 337 558 artem
348 518 409 559 non
421 499 508 563 aliter
519 507 635 585 potuit,

24 613 44 651 n
57 611 148 653 nova
161 604 329 672 prostratas
341 593 419 656 acies
431 596 489 657 niu
481 597 582 660 'bella
595 603 704 678 cieret,

49 685 225 766 Impiaque
237 687 385 749 exstinctis
397 689 533 754 hostibus
545 711 628 757 arma
642 665 775 760 daret?

0 784 226 862 l⁸aec,pugna
240 780 394 858 incentor,
408 803 491 846 mors
502 800 546 848 est
559 801 627 850 tua·
642 805 672 854 te
686 794 799 878 stylus
791 811 844 860 rste

50 871 218 949 Conficit,
232 885 261 934 et
274 876 372 936 verbis
385 879 540 958 perderis
531 903 596 962 ipse
608 885 678 946 tuis.

18 975 163 1046 tumque
175 955 271 1030 doces
279 983 423 1056 quantum
429 973 525 1036 valeat
537 999 622 1040 mens
630 979 742 1059 libera,
757 1001 907 1050 monstras

49 1059 149 1122 Velle
159 1074 248 1122 tunm
259 1063 378 1126 tibimet
387 1067 525 1132 sulficere
536 1086 568 1133 ut
582 1094 736 1154 petens.

1 1153 108 1216 Verte
121 1156 267 1238 gradum,
281 1157 348 1243 luge
361 1162 547 1242 perniciem,
561 1175 709 1250 stratosqu
711 1191 729 1231 e
743 1173 871 1236 rebelles

58 1243 136 1308 Oris
149 1248 321 1330 Apostolici
332 1253 459 1316 fulmine
469 1258 582 1337 ubique
593 1261 671 1323 ride

42 1362 81 1404 ec
94 1355 128 1403 te
141 1355 258 1403 mutato
272 1346 392 1408 delendi
405 1351 531 1413 nomine
543 1355 663 1431 credas,

51 1434 89 1497 Si
105 1448 264 1518 pastorem
275 1441 378 1502 orium
391 1440 571 1521 laedereris,
587 1447 675 1530 lupus
690 1471 729 1512 es.

18 1631 27 1677 t
41 1644 98 1684 um
114 1625 209 1686 sacris
221 1639 355 1688 mentem
366 1628 465 1710 placet
476 1651 614 1695 exercere
626 1635 773 1716 loquelis,

51 1705 247 1798 Coelestiqne
260 1721 396 1782 animum
409 1741 531 1805 pascere
544 1746 623 1807 pane
635 1731 732 1810 juvat,

5 1809 179 1888 Quosdam
194 1833 247 1874 cen
261 1825 349 1896 prato
363 1814 451 1876 libuit
464 1818 626 1902 decerpere
636 1821 746 1916 flores,

47 1903 296 1986 Distinctisque
288 1929 369 1989 ipsos
380 1921 478 1972 texere
491 1913 663 1991 versiculis,
733 1935 736 1940 '

2 1995 56 2056 Ut
66 1998 212 2080 proprias
225 2016 366 2072 canerent
378 2005 593 2087 epigrammata
604 2009 717 2094 singula
729 2029 844 2089 causas,
913 2092 916 2098 ι

51 2091 95 2152 Et
106 2112 180 2176 pars
192 2114 316 2181 quaeque
326 2117 379 2157 sno
391 2113 568 2180 congrueret
577 2099 687 2160 titulo.

6 2186 81 2248 Nee
91 2201 232 2248 nostrum
243 2189 301 2251 hoc
313 2211 389 2272 opus
397 2205 459 2267 est
471 2194 524 2252 setl
537 2194 574 2254 ub
585 2193 639 2253 illo
648 2196 774 2258 sumitur
784 2200 903 2279 hieros,

52 2281 157 2362 Qui
132 2303 244 2344 siccam
258 2305 366 2367 rupem
379 2286 525 2348 fundere
515 2289 601 2369 lussit
611 2306 710 2368 aquas.

9 2375 61 2435 Ut
73 2378 154 2456 quod
169 2376 199 2436 in
215 2375 356 2440 allectum
368 2381 468 2442 cordis
481 2379 591 2460 pietate
604 2384 742 2466 magistra

54 2468 204 2548 Venerit,
218 2469 277 2534 hoc
287 2479 407 2554 promat
422 2473 556 2536 carmine
568 2475 634 2536 laeta
646 2477 728 2540 fides.
750 2481 755 2488 “

11 2657 264 2721 perfecte-sonus
274 2671 335 2734 est,
351 2671 380 2720 et
392 2679 462 2722 vere
475 2662 585 2724 dicitur
598 2664 719 2738 insons,

52 2751 127 2814 Nec
141 2753 199 2814 sibi
210 2797 219 2829 ,
232 2773 288 2814 nec
301 2753 440 2832 cuiqnam
450 2800 463 2831 ,
472 2758 552 2835 qnod
566 2769 693 2830 noceat,
709 2757 828 2818 faciens.
857 2775 863 2780 ·

11 2847 100 2908 Nam
115 2848 288 2929 quicunqne
300 2847 391 2908 alium
406 2849 531 2909 molitur
544 2849 671 2925 laerlere,
685 2851 819 2931 primum
855 2906 858 2912 ,

52 2942 163 3024 lpsnm
176 2962 208 3002 se
221 2942 318 3024 jaculo
332 2943 483 3023 percutiet
493 2943 638 3024 proprio,

11 3035 53 3098 Et
66 3057 140 3099 cum
155 3036 234 3096 sorte
244 3037 380 3097 animum
393 3058 456 3097 nou
470 3037 507 3098 sit
520 3049 619 3098 secuta
632 3036 771 3113 facultas,

55 3130 133 3192 Non
149 3129 275 3192 dubium
288 3131 321 3192 in
333 3131 433 3193 cordis
442 3131 556 3224 viscere
567 3129 672 3214 vulnm
683 3131 780 3197 habet.
