2142 3858
145 295 206 396 376
372 321 548 376 nnnruns
572 319 805 374 nros‘rnncn
913 313 1026 398 ¹v.tt75.

144 417 250 478 Deluit
263 417 293 476 in
308 429 372 478 toto
383 415 484 477 David
493 435 545 478 sus
556 413 835 495 criminapsalmu‚
864 418 871 430 '
920 423 935 460 ·'

146 508 382 589 Contractusque
394 510 487 592 fuget,
504 529 575 568 nam
589 509 852 590 quinquagesimus
862 531 980 590 annus,

145 601 226 665 Cum
237 602 373 685 jubileus
385 605 483 677 adest,
496 602 616 683 proprii
626 602 776 663 distractio
789 606 867 666 ruris

143 695 279 775 Antiqua
292 698 419 758 donatur
431 697 522 770 bero,
536 695 649 756 servire
663 709 781 758 coactus
844 721 852 738 ·

80 793 82 800 '
144 785 281 849 Libertus
294 790 402 849 emissa
416 790 509 869 petit,
524 787 604 848 mela
614 788 714 848 debite
727 789 804 852 leret

145 879 304 957 Creditur,
317 895 347 942 et
361 882 466 944 lumen
477 882 581 961 patriae
593 894 676 943 vetus
686 884 792 962 aspicit
803 885 909 946 exsul:

145 974 368 1058 Quinquaginta
380 975 470 1036 etiam
482 975 589 1038 cubitis
599 976 875 1053 distenditurarea,

145 1065 223 1148 Quae
236 1071 374 1150 depressa
388 1070 488 1143 radis,
503 1082 592 1148 etque
604 1088 722 1148 aequore
735 1082 798 1130 tuta
809 1070 945 1134 salutem

146 1158 210 1223 Sub
225 1183 351 1224 numero
363 1164 481 1243 pietatis
494 1164 567 1244 egit,
582 1175 753 1242 servataque
767 1166 875 1244 erescit

146 1252 207 1315 Per
217 1257 305 1336 spatii
316 1257 464 1338 parcentis
475 1275 566 1335 opem
577 1279 584 1325 ;
600 1257 670 1334 quia
682 1254 820 1316 Christus
832 1257 951 1336 ubique

147 1346 292 1411 Condidit
306 1349 462 1412 ecclesiam
475 1349 560 1410 venia
573 1349 736 1408 fabricante
749 1369 916 1429 capacem,

147 1439 225 1520 Quae
235 1445 279 1504 sic
288 1456 384 1522 coepta
397 1443 478 1503 iretis
491 1441 633 1502 letissime
644 1440 776 1500 funditur
789 1441 877 1504 arvis.

187 1533 294 1595 Infelix
308 1534 419 1615 Ephesi
435 1533 607 1594 Demetrius
618 1545 681 1592 erte
691 1531 807 1594 lucebat

147 1623 303 1710 sacrilegis
315 1628 438 1688 delubra
451 1627 540 1700 locis,
554 1638 692 1709 argentee
703 1637 799 1686 suetus

147 1717 271 1781 Solvere
285 1732 352 1780 vota
366 1741 425 1780 suae
438 1722 536 1801 pretio
551 1722 666 1800 majore
677 1718 810 1794 Dinnae,¹

148 1811 266 1874 Cedere
280 1825 385 1874 cuncta
396 1813 600 1893 vidensprisci
614 1824 809 1874 monumenta
821 1812 938 1878 sumtis

146 1902 292 1989 Ingemit,
307 1918 336 1966 et
346 1925 435 1966 vanas
447 1906 494 1966 his
506 1905 628 1966 vocibus
641 1907 746 1966 excitet
758 1905 835 1970 ires:

146 1997 178 2060 N
182 2019 221 2059 on
235 2002 328 2082 pudet
338 2021 357 2060 o
370 2001 444 2061 socii
454 2013 587 2061 nostrum
601 1999 741 2060 cecidisse
754 1997 907 2078 Dianam,

148 2091 251 2171 Quum
265 2094 369 2154 mundi
381 2093 509 2174 suspexit
518 2093 633 2152 bonor!
650 2091 824 2152 mortalibus
836 2092 920 2154 ultre

148 2185 227 2264 Quae
239 2189 385 2267 sperande
398 2187 491 2262 salus,
505 2187 604 2247 sinon
618 2206 674 2266 per
683 2184 781 2248 secula
792 2200 924 2266 possunt

148 2278 225 2339 Fine
237 2299 338 2340 carere
349 2280 413 2340 dii?
426 2301 491 2356 quse
500 2288 580 2339 nunc
593 2279 751 2340 simulacra
760 2278 896 2340 sabellis?

149 2369 227 2450 Quae
239 2385 380 2451 poterunt
396 2372 466 2430 dare
480 2371 564 2430 tburu
578 2370 672 2448 toris?
686 2392 761 2449 quus
770 2373 885 2432 advena
899 2369 1013 2436 Paulus

147 2463 294 2540 Territus,
308 2477 336 2522 et
349 2464 493 2542 quidquid
504 2464 634 2550 gerimus
644 2483 702 2545 pro
714 2464 839 2529 numine
852 2466 980 2542 ffiwm,

148 2557 234 2619 Muta
248 2556 485 2632 mendarum,
499 2579 628 2637 quonum
643 2559 767 2621 discedit
779 2560 816 2620 ab
825 2560 909 2622 *orbe

147 2649 296 2735 Reltigtm
310 2650 445 2732 pulsique
459 2651 558 2737 sugam
570 2653 684 2733 petiere
697 2666 837 2733 poenetes.

148 2744 211 2810 Hei
224 2747 299 2807 mibi
309 2748 370 2828 jam
384 2745 471 2807 video
483 2745 587 2806 subitis
598 2745 717 2827 lapsura
730 2747 823 2807 ruinis

149 2837 281 2902 Condita
292 2841 359 2902 fanu
372 2842 440 2915 diu,
456 2839 560 2922 templi
573 2833 691 2919 quoque
703 2839 924 2901 nobilieaedem

146 2931 323 3008 incineres,
337 2946 521 3015 stragemque
532 2934 614 3007 dari,
628 2953 717 3012 quem
728 2933 908 3014 prendimus
917 2951 1028 2999 arcem.
1061 2985 1062 2997 ,

148 3021 288 3104 Quemre
301 3037 437 3087 tenemus
449 3047 540 3108 opem
551 3028 564 3087 Ρ
575 3026 682 3105 quibus
697 3025 857 3088 interclusa
868 3025 996 3090 beuta

146 3117 201 3182 Est
213 3138 360 3201 opernm,
374 3122 546 3202 crimenque
560 3121 637 3184 soret
649 3120 753 3184 fecisse
766 3120 923 3184 Dianam?
