<?xml version="1.0" encoding="UTF-8"?>
<!DOCTYPE html PUBLIC "-//W3C//DTD XHTML 1.0 Transitional//EN"
    "http://www.w3.org/TR/xhtml1/DTD/xhtml1-transitional.dtd">
<html xmlns="http://www.w3.org/1999/xhtml" xml:lang="en" lang="en">
 <head>
  <title>
</title>
<meta http-equiv="Content-Type" content="text/html;charset=utf-8" />
  <meta name='ocr-system' content='tesseract 3.04.00' />
  <meta name='ocr-capabilities' content='ocr_page ocr_carea ocr_par ocr_line ocrx_word'/>
</head>
<body>
  <div class='ocr_page' id='page_1' title='image "./caiicaeliisedul00sedugoog_0048.png"; bbox 0 0 2198 3844; ppageno 0'>
   <div class='ocr_carea' id='block_1_1' title="bbox 52 311 960 390">
    <p class='ocr_par' dir='ltr' id='par_1_1' title="bbox 52 311 960 390">
     <span class='ocr_line' id='line_1_1' title="bbox 52 311 960 390; baseline 0.02 -24"><span class='ocrx_word' id='word_1_1' title='bbox 52 325 170 390; x_wconf 73' lang='lat' dir='ltr'>v.107.</span> <span class='ocrx_word' id='word_1_2' title='bbox 264 315 755 374; x_wconf 75' lang='lat' dir='ltr'>crruuurascnruc.</span> <span class='ocrx_word' id='word_1_3' title='bbox 861 311 960 383; x_wconf 74' lang='lat' dir='ltr'>·t¹·</span> 
     </span>
    </p>
   </div>
   <div class='ocr_carea' id='block_1_2' title="bbox 51 407 937 3100">
    <p class='ocr_par' dir='ltr' id='par_1_2' title="bbox 51 407 937 3100">
     <span class='ocr_line' id='line_1_2' title="bbox 54 407 895 494; baseline 0.011 -24"><span class='ocrx_word' id='word_1_4' title='bbox 54 407 196 494; x_wconf 86' lang='lat' dir='ltr'>Singultu</span> <span class='ocrx_word' id='word_1_5' title='bbox 209 410 361 489; x_wconf 86' lang='lat' dir='ltr'>quatiente¹</span> <span class='ocrx_word' id='word_1_6' title='bbox 371 410 490 485; x_wconf 79' lang='lat' dir='ltr'>valens,</span> <span class='ocrx_word' id='word_1_7' title='bbox 506 409 652 474; x_wconf 82' lang='lat' dir='ltr'>Miserere</span> <span class='ocrx_word' id='word_1_8' title='bbox 662 415 794 494; x_wconf 85' lang='lat' dir='ltr'>parentis</span> <span class='ocrx_word' id='word_1_9' title='bbox 894 475 895 479; x_wconf 75' lang='grc'>,</span> 
     </span>
     <span class='ocr_line' id='line_1_3' title="bbox 57 501 875 590; baseline 0.006 -26"><span class='ocrx_word' id='word_1_10' title='bbox 57 501 188 579; x_wconf 87' lang='lat' dir='ltr'>Orbati,</span> <span class='ocrx_word' id='word_1_11' title='bbox 203 503 456 590; x_wconf 81' lang='lat' dir='ltr'>miserere&#39;senis,</span> <span class='ocrx_word' id='word_1_12' title='bbox 472 505 563 564; x_wconf 92' lang='lat' dir='ltr'>modo</span> <span class='ocrx_word' id='word_1_13' title='bbox 577 505 661 579; x_wconf 79' lang='lat' dir='ltr'>tilia,</span> <span class='ocrx_word' id='word_1_14' title='bbox 673 507 793 583; x_wconf 87' lang='lat' dir='ltr'>dicens,</span> <span class='ocrx_word' id='word_1_15' title='bbox 872 565 875 570; x_wconf 87' lang='lat'>.</span> 
     </span>
     <span class='ocr_line' id='line_1_4' title="bbox 57 596 814 678; baseline 0.004 -21"><span class='ocrx_word' id='word_1_16' title='bbox 57 597 174 674; x_wconf 88' lang='lat' dir='ltr'>Unica,</span> <span class='ocrx_word' id='word_1_17' title='bbox 189 596 329 678; x_wconf 86' lang='lat' dir='ltr'>virgineis</span> <span class='ocrx_word' id='word_1_18' title='bbox 340 617 397 657; x_wconf 87' lang='lat' dir='ltr'>nec</span> <span class='ocrx_word' id='word_1_19' title='bbox 410 597 505 659; x_wconf 80' lang='lat' dir='ltr'>adlurc</span> <span class='ocrx_word' id='word_1_20' title='bbox 519 611 634 658; x_wconf 87' lang='lat' dir='ltr'>matura</span> <span class='ocrx_word' id='word_1_21' title='bbox 645 599 700 659; x_wconf 87' lang='lat' dir='ltr'>sub</span> <span class='ocrx_word' id='word_1_22' title='bbox 713 601 814 675; x_wconf 81' lang='lat' dir='ltr'>aunis,</span> 
     </span>
     <span class='ocr_line' id='line_1_5' title="bbox 59 689 839 770; baseline 0 -20"><span class='ocrx_word' id='word_1_23' title='bbox 59 689 203 764; x_wconf 86' lang='lat' dir='ltr'>Occidit,</span> <span class='ocrx_word' id='word_1_24' title='bbox 215 702 244 749; x_wconf 91' lang='lat' dir='ltr'>et</span> <span class='ocrx_word' id='word_1_25' title='bbox 257 691 368 750; x_wconf 86' lang='lat' dir='ltr'>misero</span> <span class='ocrx_word' id='word_1_26' title='bbox 381 691 477 770; x_wconf 83' lang='lat' dir='ltr'>patris</span> <span class='ocrx_word' id='word_1_27' title='bbox 488 690 563 750; x_wconf 89' lang='lat' dir='ltr'>mibi</span> <span class='ocrx_word' id='word_1_28' title='bbox 575 711 689 752; x_wconf 87' lang='lat' dir='ltr'>nomen</span> <span class='ocrx_word' id='word_1_29' title='bbox 702 693 823 753; x_wconf 86' lang='lat' dir='ltr'>ademit.</span> <span class='ocrx_word' id='word_1_30' title='bbox 836 739 839 750; x_wconf 94' lang='lat'><em>.</em></span> 
     </span>
     <span class='ocr_line' id='line_1_6' title="bbox 57 771 937 866; baseline 0.009 -24"><span class='ocrx_word' id='word_1_31' title='bbox 57 781 260 863; x_wconf 80' lang='lat' dir='ltr'>Afferopern,</span> <span class='ocrx_word' id='word_1_32' title='bbox 273 771 649 866; x_wconf 85' lang='lat' dir='ltr'>lapsamqueanirnamper·</span> <span class='ocrx_word' id='word_1_33' title='bbox 657 785 794 846; x_wconf 86' lang='lat' dir='ltr'>membra</span> <span class='ocrx_word' id='word_1_34' title='bbox 802 786 937 862; x_wconf 80' lang='lat' dir='ltr'>refunde,</span> 
     </span>
     <span class='ocr_line' id='line_1_7' title="bbox 62 872 872 957; baseline 0.005 -21"><span class='ocrx_word' id='word_1_35' title='bbox 62 872 121 953; x_wconf 83' lang='lat' dir='ltr'>Qui</span> <span class='ocrx_word' id='word_1_36' title='bbox 132 889 232 936; x_wconf 86' lang='lat' dir='ltr'>totum</span> <span class='ocrx_word' id='word_1_37' title='bbox 246 888 384 955; x_wconf 83' lang='lat' dir='ltr'>praestare</span> <span class='ocrx_word' id='word_1_38' title='bbox 398 888 495 956; x_wconf 86' lang='lat' dir='ltr'>potes.</span> <span class='ocrx_word' id='word_1_39' title='bbox 509 875 585 936; x_wconf 87' lang='lat' dir='ltr'>Haec</span> <span class='ocrx_word' id='word_1_40' title='bbox 595 877 691 955; x_wconf 89' lang='lat' dir='ltr'>iuquit</span> <span class='ocrx_word' id='word_1_41' title='bbox 705 902 712 937; x_wconf 72' lang='grc' dir='ltr'><strong><em>ε</em></strong></span> <span class='ocrx_word' id='word_1_42' title='bbox 727 890 756 957; x_wconf 78' lang='lat' dir='ltr'>et</span> <span class='ocrx_word' id='word_1_43' title='bbox 769 892 872 940; x_wconf 88' lang='lat' dir='ltr'>auctor</span> 
     </span>
     <span class='ocr_line' id='line_1_8' title="bbox 58 963 790 1052; baseline 0.008 -26"><span class='ocrx_word' id='word_1_44' title='bbox 58 963 145 1030; x_wconf 86' lang='lat' dir='ltr'>Lucis</span> <span class='ocrx_word' id='word_1_45' title='bbox 156 969 197 1028; x_wconf 85' lang='lat' dir='ltr'>ad</span> <span class='ocrx_word' id='word_1_46' title='bbox 210 967 357 1032; x_wconf 73' lang='lat' dir='ltr'>exstinctae</span> <span class='ocrx_word' id='word_1_47' title='bbox 368 969 511 1051; x_wconf 78' lang='lat' dir='ltr'><strong>pergebat</strong></span> <span class='ocrx_word' id='word_1_48' title='bbox 522 969 644 1046; x_wconf 78' lang='lat' dir='ltr'>funera,</span> <span class='ocrx_word' id='word_1_49' title='bbox 658 991 790 1052; x_wconf 83' lang='lat' dir='ltr'><strong>gressum</strong></span> 
     </span>
     <span class='ocr_line' id='line_1_9' title="bbox 57 1058 858 1144; baseline 0.007 -24"><span class='ocrx_word' id='word_1_50' title='bbox 57 1058 113 1120; x_wconf 79' lang='lat' dir='ltr'>Vir</span> <span class='ocrx_word' id='word_1_51' title='bbox 125 1061 244 1144; x_wconf 84' lang='lat' dir='ltr'>populo</span> <span class='ocrx_word' id='word_1_52' title='bbox 252 1062 379 1142; x_wconf 81' lang='lat' dir='ltr'>stipante</span> <span class='ocrx_word' id='word_1_53' title='bbox 392 1083 517 1124; x_wconf 89' lang='lat' dir='ltr'>movens</span> <span class='ocrx_word' id='word_1_54' title='bbox 527 1087 534 1122; x_wconf 75' lang='grc' dir='ltr'><strong>ε</strong></span> <span class='ocrx_word' id='word_1_55' title='bbox 545 1063 750 1144; x_wconf 82' lang='lat' dir='ltr'>permixtaque</span> <span class='ocrx_word' id='word_1_56' title='bbox 762 1064 858 1126; x_wconf 84' lang='lat' dir='ltr'>turbis</span> 
     </span>
     <span class='ocr_line' id='line_1_10' title="bbox 55 1151 776 1238; baseline 0.004 -23"><span class='ocrx_word' id='word_1_57' title='bbox 55 1151 120 1215; x_wconf 84' lang='lat' dir='ltr'>Ibat</span> <span class='ocrx_word' id='word_1_58' title='bbox 131 1154 328 1218; x_wconf 85' lang='lat' dir='ltr'>inundantem</span> <span class='ocrx_word' id='word_1_59' title='bbox 341 1154 450 1218; x_wconf 87' lang='lat' dir='ltr'>mulier</span> <span class='ocrx_word' id='word_1_60' title='bbox 460 1175 604 1238; x_wconf 82' lang='lat' dir='ltr'>perpessa</span> <span class='ocrx_word' id='word_1_61' title='bbox 616 1177 776 1232; x_wconf 87' lang='lat' dir='ltr'>cruorem,</span> 
     </span>
     <span class='ocr_line' id='line_1_11' title="bbox 58 1249 779 1332; baseline -0.001 -22"><span class='ocrx_word' id='word_1_62' title='bbox 58 1249 133 1328; x_wconf 87' lang='lat' dir='ltr'>Quae</span> <span class='ocrx_word' id='word_1_63' title='bbox 144 1269 267 1332; x_wconf 85' lang='lat' dir='ltr'>magnas</span> <span class='ocrx_word' id='word_1_64' title='bbox 278 1261 411 1312; x_wconf 80' lang='lat' dir='ltr'><strong>tenuarat</strong></span> <span class='ocrx_word' id='word_1_65' title='bbox 424 1268 517 1330; x_wconf 82' lang='lat' dir='ltr'>opes,</span> <span class='ocrx_word' id='word_1_66' title='bbox 532 1262 563 1309; x_wconf 90' lang='lat' dir='ltr'>ut</span> <span class='ocrx_word' id='word_1_67' title='bbox 575 1250 677 1318; x_wconf 86' lang='lat' dir='ltr'>sanior</span> <span class='ocrx_word' id='word_1_68' title='bbox 687 1261 779 1323; x_wconf 88' lang='lat' dir='ltr'>esset,</span> 
     </span>
     <span class='ocr_line' id='line_1_12' title="bbox 56 1341 794 1422; baseline -0.007 -18"><span class='ocrx_word' id='word_1_69' title='bbox 56 1341 261 1422; x_wconf 82' lang='lat' dir='ltr'>Exhaustaque</span> <span class='ocrx_word' id='word_1_70' title='bbox 272 1344 385 1417; x_wconf 89' lang='lat' dir='ltr'>domo,</span> <span class='ocrx_word' id='word_1_71' title='bbox 399 1363 459 1404; x_wconf 88' lang='lat' dir='ltr'>nco</span> <span class='ocrx_word' id='word_1_72' title='bbox 469 1341 647 1422; x_wconf 87' lang='lat' dir='ltr'>proficiente</span> <span class='ocrx_word' id='word_1_73' title='bbox 661 1341 794 1416; x_wconf 83' lang='lat' dir='ltr'>medela,</span> 
     </span>
     <span class='ocr_line' id='line_1_13' title="bbox 55 1429 906 1517; baseline 0.001 -22"><span class='ocrx_word' id='word_1_74' title='bbox 55 1433 230 1497; x_wconf 83' lang='lat' dir='ltr'>Perdiderat</span> <span class='ocrx_word' id='word_1_75' title='bbox 243 1436 402 1516; x_wconf 86' lang='lat' dir='ltr'>proprium</span> <span class='ocrx_word' id='word_1_76' title='bbox 415 1429 532 1516; x_wconf 82' lang='lat' dir='ltr'>pariter</span> <span class='ocrx_word' id='word_1_77' title='bbox 543 1455 612 1496; x_wconf 87' lang='lat' dir='ltr'>cum</span> <span class='ocrx_word' id='word_1_78' title='bbox 623 1435 764 1517; x_wconf 81' lang='lat' dir='ltr'>sanguiue</span> <span class='ocrx_word' id='word_1_79' title='bbox 774 1451 906 1498; x_wconf 81' lang='lat' dir='ltr'>censum.</span> 
     </span>
     <span class='ocr_line' id='line_1_14' title="bbox 54 1528 816 1610; baseline -0.004 -21"><span class='ocrx_word' id='word_1_80' title='bbox 54 1528 105 1590; x_wconf 88' lang='lat' dir='ltr'>Ast</span> <span class='ocrx_word' id='word_1_81' title='bbox 116 1530 171 1590; x_wconf 89' lang='lat' dir='ltr'>ubi</span> <span class='ocrx_word' id='word_1_82' title='bbox 184 1529 330 1591; x_wconf 88' lang='lat' dir='ltr'>credentis</span> <span class='ocrx_word' id='word_1_83' title='bbox 342 1530 403 1610; x_wconf 88' lang='lat' dir='ltr'>jam</span> <span class='ocrx_word' id='word_1_84' title='bbox 416 1548 490 1588; x_wconf 83' lang='lat' dir='ltr'>sano</span> <span class='ocrx_word' id='word_1_85' title='bbox 502 1529 533 1588; x_wconf 88' lang='lat' dir='ltr'>in</span> <span class='ocrx_word' id='word_1_86' title='bbox 549 1541 670 1608; x_wconf 84' lang='lat' dir='ltr'>pectore</span> <span class='ocrx_word' id='word_1_87' title='bbox 683 1529 774 1608; x_wconf 85' lang='lat' dir='ltr'>coepit</span> <span class='ocrx_word' id='word_1_88' title='bbox 811 1595 816 1606; x_wconf 92' lang='lat'>.</span> 
     </span>
     <span class='ocr_line' id='line_1_15' title="bbox 53 1620 799 1696; baseline -0.003 -14"><span class='ocrx_word' id='word_1_89' title='bbox 53 1621 143 1682; x_wconf 81' lang='lat' dir='ltr'>Dives</span> <span class='ocrx_word' id='word_1_90' title='bbox 156 1623 260 1682; x_wconf 83' lang='lat' dir='ltr'>adesse</span> <span class='ocrx_word' id='word_1_91' title='bbox 274 1621 365 1694; x_wconf 82' lang='lat' dir='ltr'>fides,</span> <span class='ocrx_word' id='word_1_92' title='bbox 380 1621 488 1682; x_wconf 85' lang='lat' dir='ltr'>mediis</span> <span class='ocrx_word' id='word_1_93' title='bbox 502 1621 643 1681; x_wconf 88' lang='lat' dir='ltr'>immersa</span> <span class='ocrx_word' id='word_1_94' title='bbox 657 1620 799 1696; x_wconf 89' lang='lat' dir='ltr'>catervis,</span> 
     </span>
     <span class='ocr_line' id='line_1_16' title="bbox 53 1711 717 1796; baseline -0.003 -22"><span class='ocrx_word' id='word_1_95' title='bbox 53 1713 166 1776; x_wconf 86' lang='lat' dir='ltr'>Nititur</span> <span class='ocrx_word' id='word_1_96' title='bbox 180 1713 275 1776; x_wconf 83' lang='lat' dir='ltr'>aversi</span> <span class='ocrx_word' id='word_1_97' title='bbox 287 1714 335 1775; x_wconf 89' lang='lat' dir='ltr'>vel</span> <span class='ocrx_word' id='word_1_98' title='bbox 347 1714 431 1780; x_wconf 82' lang='lat' dir='ltr'>filum</span> <span class='ocrx_word' id='word_1_99' title='bbox 443 1727 563 1796; x_wconf 89' lang='lat' dir='ltr'>tangere</span> <span class='ocrx_word' id='word_1_100' title='bbox 579 1711 695 1774; x_wconf 84' lang='lat' dir='ltr'>Christi</span> <span class='ocrx_word' id='word_1_101' title='bbox 710 1737 717 1772; x_wconf 74' lang='grc' dir='ltr'><strong>ι</strong></span> 
     </span>
     <span class='ocr_line' id='line_1_17' title="bbox 53 1805 773 1887; baseline -0.007 -17"><span class='ocrx_word' id='word_1_102' title='bbox 53 1805 262 1887; x_wconf 84' lang='lat' dir='ltr'>Posteriusque</span> <span class='ocrx_word' id='word_1_103' title='bbox 274 1808 385 1881; x_wconf 88' lang='lat' dir='ltr'>latens,</span> <span class='ocrx_word' id='word_1_104' title='bbox 401 1808 529 1871; x_wconf 87' lang='lat' dir='ltr'>subitam</span> <span class='ocrx_word' id='word_1_105' title='bbox 541 1807 636 1870; x_wconf 80' lang='lat' dir='ltr'>furata</span> <span class='ocrx_word' id='word_1_106' title='bbox 647 1805 773 1866; x_wconf 83' lang='lat' dir='ltr'>salutem</span> 
     </span>
     <span class='ocr_line' id='line_1_18' title="bbox 53 1898 734 1983; baseline -0.003 -23"><span class='ocrx_word' id='word_1_107' title='bbox 53 1899 191 1962; x_wconf 87' lang='lat' dir='ltr'>Extrema</span> <span class='ocrx_word' id='word_1_108' title='bbox 205 1901 333 1960; x_wconf 80' lang='lat' dir='ltr'>derecte</span> <span class='ocrx_word' id='word_1_109' title='bbox 347 1901 445 1980; x_wconf 82' lang='lat' dir='ltr'>rapit,</span> <span class='ocrx_word' id='word_1_110' title='bbox 458 1901 600 1983; x_wconf 72' lang='lat' dir='ltr'>siccisque</span> <span class='ocrx_word' id='word_1_111' title='bbox 614 1898 734 1963; x_wconf 79' lang='lat' dir='ltr'>fluentis</span> 
     </span>
     <span class='ocr_line' id='line_1_19' title="bbox 51 1991 673 2074; baseline -0.003 -21"><span class='ocrx_word' id='word_1_112' title='bbox 51 1991 214 2058; x_wconf 82' lang='lat' dir='ltr'>Damnarit</span> <span class='ocrx_word' id='word_1_113' title='bbox 225 1993 338 2074; x_wconf 86' lang='lat' dir='ltr'>patulas</span> <span class='ocrx_word' id='word_1_114' title='bbox 347 1994 440 2054; x_wconf 84' lang='lat' dir='ltr'>audax</span> <span class='ocrx_word' id='word_1_115' title='bbox 452 1993 560 2056; x_wconf 79' lang='lat' dir='ltr'>fiducia</span> <span class='ocrx_word' id='word_1_116' title='bbox 573 2012 673 2053; x_wconf 83' lang='lat' dir='ltr'>venas.</span> 
     </span>
     <span class='ocr_line' id='line_1_20' title="bbox 53 2075 782 2166; baseline -0.004 -22"><span class='ocrx_word' id='word_1_117' title='bbox 53 2082 190 2148; x_wconf 87' lang='lat' dir='ltr'>Senserat</span> <span class='ocrx_word' id='word_1_118' title='bbox 202 2087 260 2146; x_wconf 86' lang='lat' dir='ltr'>ista</span> <span class='ocrx_word' id='word_1_119' title='bbox 271 2084 354 2146; x_wconf 86' lang='lat' dir='ltr'>Deus</span> <span class='ocrx_word' id='word_1_120' title='bbox 366 2127 376 2160; x_wconf 96' lang='lat'>,</span> <span class='ocrx_word' id='word_1_121' title='bbox 390 2089 473 2166; x_wconf 84' lang='lat' dir='ltr'>cujus</span> <span class='ocrx_word' id='word_1_122' title='bbox 486 2086 523 2166; x_wconf 87' lang='lat' dir='ltr'>de</span> <span class='ocrx_word' id='word_1_123' title='bbox 537 2085 621 2148; x_wconf 80' lang='lat' dir='ltr'>sonte</span> <span class='ocrx_word' id='word_1_124' title='bbox 635 2075 782 2158; x_wconf 80' lang='lat' dir='ltr'>cucurrit,</span> 
     </span>
     <span class='ocr_line' id='line_1_21' title="bbox 53 2167 772 2258; baseline -0.004 -19"><span class='ocrx_word' id='word_1_125' title='bbox 53 2167 139 2258; x_wconf 82' lang='lat' dir='ltr'>Quod</span> <span class='ocrx_word' id='word_1_126' title='bbox 153 2179 249 2242; x_wconf 86' lang='lat' dir='ltr'>virtus</span> <span class='ocrx_word' id='word_1_127' title='bbox 262 2191 374 2240; x_wconf 88' lang='lat' dir='ltr'>secreta</span> <span class='ocrx_word' id='word_1_128' title='bbox 386 2179 485 2253; x_wconf 84' lang='lat' dir='ltr'>dedit,</span> <span class='ocrx_word' id='word_1_129' title='bbox 499 2177 671 2256; x_wconf 80' lang='lat' dir='ltr'>furtumque</span> <span class='ocrx_word' id='word_1_130' title='bbox 683 2174 772 2236; x_wconf 89' lang='lat' dir='ltr'>fidele</span> 
     </span>
     <span class='ocr_line' id='line_1_22' title="bbox 51 2269 755 2353; baseline -0.006 -21"><span class='ocrx_word' id='word_1_131' title='bbox 51 2269 175 2347; x_wconf 79' lang='lat' dir='ltr'>hudat,</span> <span class='ocrx_word' id='word_1_132' title='bbox 189 2284 218 2332; x_wconf 91' lang='lat' dir='ltr'>et</span> <span class='ocrx_word' id='word_1_133' title='bbox 233 2271 355 2353; x_wconf 80' lang='lat' dir='ltr'>egregie</span> <span class='ocrx_word' id='word_1_134' title='bbox 365 2271 471 2331; x_wconf 87' lang='lat' dir='ltr'>tribuit</span> <span class='ocrx_word' id='word_1_135' title='bbox 484 2291 536 2330; x_wconf 88' lang='lat' dir='ltr'>sua</span> <span class='ocrx_word' id='word_1_136' title='bbox 550 2283 619 2330; x_wconf 87' lang='lat' dir='ltr'>rota</span> <span class='ocrx_word' id='word_1_137' title='bbox 631 2271 755 2350; x_wconf 84' lang='lat' dir='ltr'>rapinae.</span> 
     </span>
     <span class='ocr_line' id='line_1_23' title="bbox 86 2362 846 2447; baseline -0.007 -21"><span class='ocrx_word' id='word_1_138' title='bbox 86 2365 226 2430; x_wconf 83' lang='lat' dir='ltr'>Ventum</span> <span class='ocrx_word' id='word_1_139' title='bbox 239 2378 301 2425; x_wconf 88' lang='lat' dir='ltr'>erat</span> <span class='ocrx_word' id='word_1_140' title='bbox 314 2366 350 2424; x_wconf 89' lang='lat' dir='ltr'>ad</span> <span class='ocrx_word' id='word_1_141' title='bbox 361 2366 459 2428; x_wconf 85' lang='lat' dir='ltr'>moesti</span> <span class='ocrx_word' id='word_1_142' title='bbox 473 2365 603 2447; x_wconf 80' lang='lat' dir='ltr'>lugentia</span> <span class='ocrx_word' id='word_1_143' title='bbox 616 2363 747 2426; x_wconf 79' lang='lat' dir='ltr'>eulmina</span> <span class='ocrx_word' id='word_1_144' title='bbox 761 2362 846 2437; x_wconf 89' lang='lat' dir='ltr'>tecti,</span> 
     </span>
     <span class='ocr_line' id='line_1_24' title="bbox 51 2455 871 2537; baseline -0.006 -19"><span class='ocrx_word' id='word_1_145' title='bbox 51 2457 283 2537; x_wconf 78' lang='lat' dir='ltr'>Deflentemque</span> <span class='ocrx_word' id='word_1_146' title='bbox 294 2459 438 2532; x_wconf 90' lang='lat' dir='ltr'>domum,</span> <span class='ocrx_word' id='word_1_147' title='bbox 452 2459 585 2522; x_wconf 84' lang='lat' dir='ltr'>moriens</span> <span class='ocrx_word' id='word_1_148' title='bbox 598 2456 652 2518; x_wconf 87' lang='lat' dir='ltr'>ubi</span> <span class='ocrx_word' id='word_1_149' title='bbox 663 2456 746 2537; x_wconf 82' lang='lat' dir='ltr'>virgo</span> <span class='ocrx_word' id='word_1_150' title='bbox 755 2455 871 2537; x_wconf 84' lang='lat' dir='ltr'>jacebat</span> 
     </span>
     <span class='ocr_line' id='line_1_25' title="bbox 54 2547 813 2632; baseline -0.009 -18"><span class='ocrx_word' id='word_1_151' title='bbox 54 2551 230 2614; x_wconf 83' lang='lat' dir='ltr'>Extremum</span> <span class='ocrx_word' id='word_1_152' title='bbox 242 2553 348 2616; x_wconf 71' lang='lat' dir='ltr'>sortita,</span> <span class='ocrx_word' id='word_1_153' title='bbox 356 2552 456 2627; x_wconf 89' lang='lat' dir='ltr'>diem,</span> <span class='ocrx_word' id='word_1_154' title='bbox 468 2551 659 2632; x_wconf 86' lang='lat' dir='ltr'>trepidusque</span> <span class='ocrx_word' id='word_1_155' title='bbox 670 2547 813 2608; x_wconf 89' lang='lat' dir='ltr'>tumultus</span> 
     </span>
     <span class='ocr_line' id='line_1_26' title="bbox 53 2640 739 2724; baseline -0.007 -20"><span class='ocrx_word' id='word_1_156' title='bbox 53 2642 163 2708; x_wconf 89' lang='lat' dir='ltr'>Omnia</span> <span class='ocrx_word' id='word_1_157' title='bbox 175 2644 315 2706; x_wconf 81' lang='lat' dir='ltr'>lamentis</span> <span class='ocrx_word' id='word_1_158' title='bbox 328 2643 442 2704; x_wconf 86' lang='lat' dir='ltr'>ululans</span> <span class='ocrx_word' id='word_1_159' title='bbox 458 2643 603 2724; x_wconf 84' lang='lat' dir='ltr'>implebat</span> <span class='ocrx_word' id='word_1_160' title='bbox 615 2640 739 2713; x_wconf 82' lang='lat' dir='ltr'>amaris,</span> 
     </span>
     <span class='ocr_line' id='line_1_27' title="bbox 51 2732 850 2820; baseline -0.006 -23"><span class='ocrx_word' id='word_1_161' title='bbox 51 2736 265 2816; x_wconf 86' lang='lat' dir='ltr'>Funereosque</span> <span class='ocrx_word' id='word_1_162' title='bbox 279 2738 386 2817; x_wconf 83' lang='lat' dir='ltr'>modos</span> <span class='ocrx_word' id='word_1_163' title='bbox 398 2749 485 2798; x_wconf 89' lang='lat' dir='ltr'>cantu</span> <span class='ocrx_word' id='word_1_164' title='bbox 497 2736 683 2820; x_wconf 79' lang='lat' dir='ltr'>lacrymante</span> <span class='ocrx_word' id='word_1_165' title='bbox 691 2732 850 2814; x_wconf 83' lang='lat' dir='ltr'>gemebant</span> 
     </span>
     <span class='ocr_line' id='line_1_28' title="bbox 51 2826 836 2913; baseline -0.005 -23"><span class='ocrx_word' id='word_1_166' title='bbox 51 2829 194 2906; x_wconf 82' lang='lat' dir='ltr'>Tibicen,</span> <span class='ocrx_word' id='word_1_167' title='bbox 209 2831 551 2913; x_wconf 76' lang='lat' dir='ltr'>plangorquesrequens</span> <span class='ocrx_word' id='word_1_168' title='bbox 565 2826 739 2890; x_wconf 80' lang='lat' dir='ltr'>confuderat</span> <span class='ocrx_word' id='word_1_169' title='bbox 749 2827 836 2888; x_wconf 85' lang='lat' dir='ltr'>aedes.</span> 
     </span>
     <span class='ocr_line' id='line_1_29' title="bbox 52 2920 896 3005; baseline -0.008 -21"><span class='ocrx_word' id='word_1_170' title='bbox 52 2921 157 2988; x_wconf 89' lang='lat' dir='ltr'>Ponite</span> <span class='ocrx_word' id='word_1_171' title='bbox 170 2923 299 2988; x_wconf 83' lang='lat' dir='ltr'>sollicita</span> <span class='ocrx_word' id='word_1_172' title='bbox 313 2937 475 3005; x_wconf 85' lang='lat' dir='ltr'>conceptos</span> <span class='ocrx_word' id='word_1_173' title='bbox 487 2925 587 2984; x_wconf 84' lang='lat' dir='ltr'>mente</span> <span class='ocrx_word' id='word_1_174' title='bbox 598 2920 737 2994; x_wconf 82' lang='lat' dir='ltr'>dolores,</span> <span class='ocrx_word' id='word_1_175' title='bbox 893 2993 896 2998; x_wconf 21' lang='grc' dir='ltr'>Ι</span> 
     </span>
     <span class='ocr_line' id='line_1_30' title="bbox 52 3015 852 3100; baseline -0.005 -22"><span class='ocrx_word' id='word_1_176' title='bbox 52 3015 110 3080; x_wconf 84' lang='lat' dir='ltr'>Hic</span> <span class='ocrx_word' id='word_1_177' title='bbox 121 3040 214 3100; x_wconf 87' lang='lat' dir='ltr'>sopor</span> <span class='ocrx_word' id='word_1_178' title='bbox 226 3034 289 3094; x_wconf 80' lang='lat' dir='ltr'>est„</span> <span class='ocrx_word' id='word_1_179' title='bbox 301 3019 437 3082; x_wconf 75' lang='lat' dir='ltr'>Salvator</span> <span class='ocrx_word' id='word_1_180' title='bbox 450 3019 510 3090; x_wconf 89' lang='lat' dir='ltr'>ait,</span> <span class='ocrx_word' id='word_1_181' title='bbox 524 3037 581 3078; x_wconf 87' lang='lat' dir='ltr'>uec</span> <span class='ocrx_word' id='word_1_182' title='bbox 592 3016 680 3078; x_wconf 80' lang='lat' dir='ltr'>sunus</span> <span class='ocrx_word' id='word_1_183' title='bbox 692 3015 793 3094; x_wconf 82' lang='lat' dir='ltr'>adesse</span> <span class='ocrx_word' id='word_1_184' title='bbox 849 3025 852 3030; x_wconf 71' lang='lat'>‘</span> 
     </span>
    </p>
   </div>
   <div class='ocr_carea' id='block_1_3' title="bbox 54 3102 785 3196">
    <p class='ocr_par' dir='ltr' id='par_1_3' title="bbox 54 3102 785 3196">
     <span class='ocr_line' id='line_1_31' title="bbox 54 3102 785 3196; baseline -0.01 -23"><span class='ocrx_word' id='word_1_185' title='bbox 54 3107 170 3174; x_wconf 83' lang='lat' dir='ltr'>Credite</span> <span class='ocrx_word' id='word_1_186' title='bbox 181 3120 260 3189; x_wconf 67' lang='lat' dir='ltr'>,ssnec</span> <span class='ocrx_word' id='word_1_187' title='bbox 271 3133 378 3182; x_wconf 84' lang='lat' dir='ltr'>somno</span> <span class='ocrx_word' id='word_1_188' title='bbox 392 3112 521 3196; x_wconf 80' lang='lat' dir='ltr'>positam</span> <span class='ocrx_word' id='word_1_189' title='bbox 532 3102 627 3196; x_wconf 82' lang='lat' dir='ltr'>lugete</span> <span class='ocrx_word' id='word_1_190' title='bbox 642 3106 785 3192; x_wconf 70' lang='lat' dir='ltr'>puellam,</span> 
     </span>
    </p>
   </div>
   <div class='ocr_carea' id='block_1_4' title="bbox 0 0 1104 3844">
    <p class='ocr_par' dir='ltr' id='par_1_4' title="bbox 0 0 1104 3844">
     <span class='ocr_line' id='line_1_32' title="bbox 0 0 1104 3844; baseline 0 1"><span class='ocrx_word' id='word_1_191' title='bbox 0 0 1104 3844; x_wconf 95' lang='lat' dir='ltr'> </span> 
     </span>
    </p>
   </div>
  </div>
 </body>
</html>
