2126 3848
18 289 157 402 ··37⁵·⁴
232 329 659 385 rttssortrAEMM
769 329 772 335 ’
847 319 907 404 3²9

17 423 263 504 Soncutitnrque
275 424 499 498 locusececinit
509 425 656 508 scriptura
666 427 792 490 decoros
845 473 849 484 .

17 517 132 580 Pacem
144 518 228 578 serre
242 519 343 600 pedes.
359 517 481 580 Horum
494 520 549 580 sub
562 521 712 603 gressibus
723 541 794 604 ergo

17 611 97 674 Laeta
111 624 255 673 movetur
264 612 392 688 humus,
404 612 513 692 quibus
526 625 570 674 est
582 633 722 676 sermone
735 614 867 698 magistri

16 705 74 766 Pax
88 705 256 768 commisse
269 705 345 786 piis,
360 727 425 784 quse
434 707 592 786 deportata
602 728 659 789 per
671 708 758 782 ilios,

16 797 98 860 Exiit
108 799 143 860 iu
158 811 280 861 cunctas
286 798 382 861 reduci
395 819 521 860 munere
532 813 634 875 terras.

52 891 143 954 Ecce
157 905 205 952 tot
217 893 340 974 egregiis
352 899 510 955 unumcor
520 911 584 954 esse
598 894 724 956 catervis
803 889 812 900 '

15 985 148 1067 incipit,
161 997 250 1064 atque
262 984 394 1045 animam
408 984 538 1066 populus
548 987 727 1049 nanciscitur
738 1005 839 1050 unani..

15 1077 97 1158 Quis
110 1077 251 1162 dubitare
265 1091 353 1157 queat
364 1080 506 1161 mysteria
518 1081 683 1163 dogmatis,
697 1100 793 1140 unum

17 1170 173 1233 Personas
187 1184 246 1233 tres
257 1191 320 1232 esse
332 1169 436 1232 Deum
447 1173 460 1232 ,Ρ
473 1192 543 1232 cum
556 1172 652 1233 miliia
664 1171 744 1253 vulgi

20 1263 281 1326 conveniantne
293 1276 394 1325 mente
408 1264 474 1344 pari
484 1307 494 1338 ,
506 1283 679 1342 numenque
693 1262 855 1342 frequentis

15 1355 85 1419 Sint
98 1357 197 1418 animi
209 1357 289 1418 reiut
302 1377 377 1416 unus
389 1357 483 1418 homo
494 1379 502 1428 3
521 1378 586 1434 qum
596 1357 684 1419 turha
697 1375 864 1437 perennem

17 1450 180 1513 Portamra
194 1447 345 1524 Crucem,
358 1450 576 1528 dominumque
587 1463 687 1512 secuta
698 1449 819 1510 fidelem

15 1543 143 1627 Sprevit
156 1563 258 1626 agros3
274 1542 412 1604 habitura
424 1543 513 1625 polos
524 1565 531 1616 ς
547 1543 610 1605 haec
622 1564 734 1625 nempe
747 1541 869 1604 facultas

16 1637 145 1699 Fortior
159 1649 203 1697 est
214 1638 251 1696 de
263 1649 348 1717 parte
368 1636 463 1720 magis
474 1637 654 1716 conquirere
667 1649 784 1712 totum,

18 1731 117 1810 Atque
131 1731 314 1790 caducorum
327 1749 453 1810 pensare
466 1730 619 1792 manentia
633 1731 747 1805 causis,

17 1821 54 1883 Et
68 1833 217 1902 quaestum
228 1843 283 1903 per
296 1824 405 1884 damna
417 1825 517 1902 sequi:
531 1844 593 1884 non
607 1823 732 1905 prodige
745 1840 847 1884 rerum

17 1912 173 1977 Venditor
185 1914 318 1976 istasacis
327 1957 336 1994 ,
344 1917 397 1976 sed
407 1916 458 1994 qui
468 1929 518 1978 tua
530 1918 596 1996 jura
606 1928 709 1976 tenere

18 2005 190 2068 Ambitiose
203 2007 304 2086 cupis,
318 2025 472 2085 parvoque
486 2009 519 2066 in
528 2019 668 2086 tempore
677 2005 804 2084 linquis,

20 2097 116 2179 Quod
123 2120 245 2181 semper
256 2099 302 2160 ris
309 2119 373 2160 esse
381 2110 486 2174 tuum,
498 2099 542 2160 sic
554 2117 693 2179 spargere
707 2116 795 2172 rura,

18 2191 111 2253 Nolle
125 2185 227 2254 carere*
240 2190 304 2254 fuit.
318 2192 391 2270 quid
403 2192 486 2252 enim
501 2191 663 2252 substantia
677 2191 820 2271 prodest,

19 2285 98 2365 Quae
110 2298 226 2348 servate
239 2284 341 2365 perit?
354 2305 444 2362 quarn
455 2285 569 2370 syderis
582 2303 649 2346 arce
656 2283 786 2344 locatam

21 2377 222 2441 Commodius
233 2379 284 2458 qui
296 2379 394 2453 cedit,
408 2377 518 2449 hebete
531 2391 599 2458 pete
611 2378 742 2440 creditor
755 2377 826 2438 inde

20 2471 127 2534 Usnrae
140 2472 262 2552 majoris
275 2489 380 2552 opem,
392 2491 536 2554 gazasque
548 2473 679 2532 reconde

24 2565 94 2644 Quo
105 2578 255 2644 nequeant
265 2565 388 2625 adversa
402 2563 464 2645 pati
475 2587 482 2623 ε
495 2584 558 2624 nnn
570 2565 678 2645 deterit
689 2561 766 2624 nllus

23 2657 184 2740 Perpetuus
197 2659 239 2719 ibi
248 2678 331 2719 casus
343 2677 418 2736 opes
430 2657 494 2718 sine
507 2657 566 2716 fine
578 2657 714 2729 tenebis,

22 2751 114 2831 Quod
126 2751 298 2812 Dominum
310 2750 420 2810 debere
433 2749 514 2812 sacis.
531 2749 560 2808 N
565 2769 623 2809 nnc
636 2747 735 2826 aspic'e
746 2757 845 2826 partes

21 2844 129 2906 Lector
140 2847 228 2906 docte
241 2844 324 2924 pias,
339 2854 368 2902 et
382 2855 480 2904 tecum
493 2853 594 2902 mente
607 2839 702 2922 sagaci

20 2935 117 2999 Voive
127 2938 200 3016 quid
214 2957 277 2996 esse
291 2947 395 3017 putes:
411 2932 493 2994 rutili
506 2933 576 3012 qnia
589 2952 704 3013 pompa
713 2929 826 2992 metelli

23 3029 148 3092 Ponitur
162 3043 232 3091 ante
246 3030 338 3111 pedes
351 3027 442 3091 sacris
454 3046 517 3088 non
531 3024 639 3086 tradita
650 3024 758 3086 dextris

21 3121 147 3186 Destitui
161 3123 273 3188 debere
285 3123 434 3204 probant,
449 3121 531 3202 quod
544 3133 667 3204 tangere
678 3120 773 3182 vitent
