2102 3846
180 318 237 390 ιιι
416 290 525 376 ric.
561 322 628 374 nn.
663 322 817 378 Avr‘rr
897 383 900 390 A
961 313 1008 386 et

178 425 239 486 Per
249 421 383 483 medium
393 420 554 482 dirimente
562 420 657 496 eben,
671 421 753 500 quod
765 419 903 481 fluetibus
916 419 1007 500 implet

176 516 353 598 sulphureis
365 514 487 578 volvens
499 516 614 576 undosa
623 514 761 578 incendia
773 533 878 596 gurges
891 556 901 590 ,

175 609 385 672 Flammarum
397 622 547 693 stagnante
560 609 626 671 lacu
639 653 649 684 ‚
662 628 723 689 quo
736 607 850 668 fervida
859 606 1002 686 quondan

174 704 297 766 Dicitur
309 715 433 765 attracto
446 703 540 764 nubes
553 702 732 764 sodomitica
742 701 849 762 nimbo

177 797 326 861 Guttatim
335 816 470 879 sparsum
484 796 593 858 fudisse
605 799 637 858 in
646 796 774 858 erimina
787 794 923 870 lulmen,

178 889 258 954 Cum
272 891 389 972 plueret
400 911 457 952 nox
465 903 541 951 tetra
548 891 647 965 locos,
663 890 798 970 coelnque
808 889 927 951 caducae

176 989 257 1046 Aera
264 1005 319 1066 per
332 984 462 1048 calidum
472 984 763 1064 stillarent-undique
776 995 900 1044 mortes.

175 1076 292 1138 Taliter
304 1077 431 1160 ignifero
442 1078 525 1138 missi
539 1079 576 1138 de
588 1078 671 1139 lente
681 1077 825 1160 gebennae

178 1171 344 1233 Fluxerunt
356 1171 453 1232 tristes
464 1170 562 1232 aliena
574 1171 605 1230 in
617 1170 715 1234 secula
725 1170 792 1231 rivi.

177 1262 219 1324 At
231 1283 306 1342 quos
317 1263 447 1324 terribili
458 1264 546 1344 judex
552 1265 717 1326 decreverit
728 1264 804 1324 hora

179 1356 291 1417 Vivere
300 1370 368 1437 post
380 1369 511 1417 mortem
524 1399 534 1430 ‚
546 1376 694 1437 poenaque
707 1357 817 1416 ardore
827 1353 972 1437 perenni,
1040 1397 1041 1435 q

181 1447 341 1510 Subtrabet
351 1461 455 1536 optatu
467 1449 585 1532 gravior
597 1451 744 1511 sententia
753 1449 844 1511 letbu.
1040 1439 1041 1446 ἵ

182 1542 322 1620 Cumque
332 1542 411 1603 loret
424 1543 551 1616 melius,
564 1543 706 1624 dispersis
718 1562 848 1624 corpora
862 1538 1000 1602 membris
1040 1609 1041 1622 2

182 1635 317 1716 Carpere
331 1649 511 1717 perpetuum
525 1637 599 1705 dura
611 1636 666 1696 snb
680 1649 778 1698 morte
789 1623 952 1716 soporem,

181 1729 295 1790 lnvitos
306 1741 408 1789 tamen
421 1742 627 1805 manumet,
642 1730 726 1810 queis
738 1729 802 1790 sola
813 1729 954 1790 voluntas

183 1821 297 1884 Rursus
309 1842 397 1904 posse
409 1823 487 1884 mori
500 1867 508 1899 ,
521 1843 668 1903 sensuque
680 1843 782 1898 carere
795 1822 930 1892 dolendi.
967 1893 972 1902 ,

186 1913 246 1978 Sed
258 1915 301 1977 sie
313 1916 441 1996 accipiet
456 1915 601 1978 ferventis
612 1915 877 1993 llammaeamini,
1039 1979 1040 1996 χ

182 2009 367 2071 Ambustura
379 2028 445 2069 suas
459 2009 857 2089 utnunquamfiniateseas.
1039 1997 1040 2071 l

151 2121 153 2128 ·
226 2093 269 2162 tlt
278 2102 370 2183 primi
383 2101 497 2164 interea
508 2104 630 2182 juvenes
642 2104 803 2165 conamine
817 2121 900 2168 casso

186 2193 248 2255 Per
260 2195 492 2269 desertarum,
505 2207 628 2274 tutoque
642 2195 816 2258 abscondita
829 2195 909 2255 furto
1038 2157 1039 2242 l

185 2286 281 2349 Facta
293 2299 397 2367 putant
411 2329 420 2360 ‚
433 2288 519 2348 caeeis
527 2300 633 2372 optant
640 2287 759 2349 latuisse
768 2288 909 2348 tenebris.

189 2377 274 2462 Quid
286 2382 385 2461 jurat,
401 2378 522 2454 infelix,
538 2379 641 2442 oculos
655 2381 779 2462 ajudiee
792 2378 895 2444 flecti?
1037 2337 1038 2413 l

188 2471 235 2532 Te
247 2471 333 2553 judex
346 2472 461 2532 cernit:
475 2472 554 2532 nelis
567 2493 621 2534 eur
634 2473 699 2557 ipse
712 2473 831 2548 ridere,

191 2561 273 2625 Cum
283 2563 403 2626 videare
415 2563 534 2645 palam?
549 2563 655 2628 Solem
666 2587 728 2628 non
742 2567 836 2629 fuscat
850 2582 1013 2632 amoenum,

191 2656 226 2719 si
236 2659 374 2741 depressa
384 2678 505 2742 gravem
517 2657 803 2722 formidantlumina
817 2660 916 2722 lucem
930 2703 941 2735 ,
1035 2701 1036 2754 q

188 2750 311 2814 Debilis
324 2752 476 2816 etclarum
488 2751 566 2814 visus
579 2773 642 2816 non
653 2754 777 2816 sustinet
789 2754 908 2815 orbem.

192 2842 275 2906 Tum
284 2845 327 2908 sie
337 2846 465 2908 terribili
478 2847 612 2931 primum
621 2846 707 2910 Deus
720 2849 944 2931 increpatum,

187 2939 286 3020 Atque
298 2939 397 3000 ubisit
408 2941 553 3003 miserum
561 2961 687 3005 noscens
693 2942 857 3025 interrogat
866 2941 974 3002 Adam.

186 3029 251 3111 Qui
261 3033 413 3114 trepidam
424 3035 534 3116 pavido
548 3035 718 3117 producens
729 3048 853 3119 pectore
863 3053 988 3104 vocem,

184 3124 245 3185 Vix
255 3126 318 3189 brec
330 3145 424 3207 pauca
434 3126 534 3190 refert.
548 3126 631 3190 Tuus
645 3171 655 3204 ,
669 3149 689 3190 o
703 3129 865 3194 celsissime
877 3171 887 3205 ,
899 3140 991 3190 terror
