2142 3858
147 325 208 405 418
414 310 744 378 nnncottstt
927 291 1041 352 asts.

146 431 293 504 batibus,
306 430 336 486 et
347 424 443 485 varias
452 406 715 494 decantat'garrula
726 422 841 474 voces,

147 535 229 602 Cum
241 524 412 614 vagabunda
426 517 507 582 volat
519 505 679 576 commotis
688 498 845 584 plausibus
854 492 937 570 ales,

145 627 319 694 Frondibos
330 619 461 681 insidens
473 619 566 672 vento
577 621 647 666 cum
657 596 766 660 froude
775 599 944 661 moretur,

145 723 307 809 Unguibus
319 719 357 779 ad
367 731 468 776 ramos
481 703 569 767 infixa
579 693 733 759 tenacibus
743 687 871 748 harcos.

146 815 350 902 Peonigerum
364 819 487 871 vernare
498 813 605 860 nemus
615 805 709 868 vapor
720 791 806 862 urget
819 776 854 848 in
867 795 944 837 usus

148 913 306 998 Pignoris‚
322 921 351 970 et
364 901 451 966 niolli
464 899 623 960 durescunt
635 899 691 944 ora
703 885 811 958 tepore
825 894 833 931 ε

121 1074 124 1080 ,
146 1006 321 1070 Pennantur
334 997 503 1062 membrata
515 975 629 1072 globis,
642 974 832 1041 animantur,
843 959 1010 1034 anhelant,

149 1103 364 1182 Rumpuntor‚
379 1089 531 1156 confracta
544 1086 671 1145 sonant,
685 1063 795 1129 nutrita
806 1057 932 1122 volatus

149 1196 300 1268 Teutam,
312 1204 341 1252 et
353 1185 476 1250 rudibus
489 1177 636 1239 librantur
648 1167 680 1224 in
691 1178 763 1221 aera
774 1152 903 1237 peoms

151 1289 213 1352 Sed
226 1306 295 1351 cum
306 1279 476 1346 discordent
488 1273 565 1332 inter
577 1283 608 1326 se
622 1258 774 1320 elementa
787 1257 918 1318 coacta,

149 1383 275 1445 Fetibus
289 1374 401 1440 eductis
412 1365 597 1434 concordant
609 1355 706 1425 unda,
721 1345 769 1409 rel
782 1341 869 1424 iguis.

152 1476 247 1536 Unda
258 1485 339 1537 creat
348 1470 482 1532 volucres
493 1506 502 1536 ‚
514 1451 655 1542 producit
667 1445 790 1506 flamma
799 1434 953 1496 volucres.

153 1569 267 1630 Pabula
281 1564 392 1626 montis
405 1569 508 1626 erant,
522 1551 646 1612 sednon
658 1539 709 1620 qui
721 1540 857 1618 pasceret
868 1524 1012 1599 herbas,

154 1661 261 1724 Adfuit
274 1684 280 1720 :
295 1659 411 1718 intactae
422 1650 585 1713 senuissent
597 1635 722 1699 floribus
731 1625 854 1696 herbae,

155 1754 201 1817 Ni
213 1751 361 1836 pascenda
372 1750 456 1808 daret
466 1741 555 1804 tellus
565 1739 700 1818 jumenta
710 1741 766 1804 per
779 1733 878 1800 agros.

118 1877 121 1880 ·
199 1847 288 1910 Sexta
304 1839 367 1908 die's
380 1837 489 1902 Phoebi
501 1831 592 1894 rutilo
604 1823 788 1908 processerat
800 1820 891 1879 orto,

160 1943 241 2009 Com
254 1953 358 2004 natura
369 1951 478 2017 parens
489 1924 582 2012 giguit
595 1910 757 1979 animantia
767 1900 865 1965 terris.

147 2121 148 2124 Ἴ
159 2037 314 2101 Cornibus
326 2037 488 2109 erumpunt
499 2028 612 2082 armata
624 2013 723 2071 fronte
733 1993 862 2084 juvenci.
956 2005 961 2012 ’

155 2133 197 2196 Et
209 2152 266 2214 per
276 2139 361 2211 prata
372 2137 478 2204 vagum
490 2100 624 2192 sequitur
635 2120 687 2164 sua
696 2090 805 2158 bucula
817 2099 954 2146 nurum.

161 2224 276 2314 Cervus
289 2223 321 2283 in
333 2236 404 2280 arra
416 2215 502 2297 fugax
512 2198 650 2288 palmatis
662 2184 918 2264 combusserat,

26 2331 30 2386 ἶ
138 2363 142 2384 .
157 2321 199 2383 Et
211 2318 296 2384 velox
306 2304 479 2396 prorumpit
490 2317 600 2380 equus,
614 2305 706 2374 pecus
719 2277 792 2344 utile
802 2271 905 2335 bellis.

147 2413 257 2495 'impia
269 2404 419 2470 terribiles
432 2392 571 2480 producit
583 2401 662 2449 terra
675 2382 787 2441 leones.

158 2500 343 2586 Simplicitas
356 2487 588 2558 ovium'lraudes
601 2491 723 2563 passura
735 2469 898 2548 luporum,

156 2599 199 2664 Et
210 2613 314 2659 raucos
327 2586 428 2650 timuit
439 2584 607 2644 discurrens
621 2574 707 2634 dama
720 2559 877 2624 molossos.

160 2693 288 2777 Spumat
299 2701 372 2768 aper
382 2725 392 2757 ‚
403 2687 516 2752 mortes
524 2673 627 2732 lunato
640 2665 731 2724 dente
742 2653 893 2720 minatus,

158 2789 200 2852 Et
210 2787 286 2849 latus
298 2775 455 2856 obliquans
467 2764 629 2830 meditatur
639 2751 865 2839 praeliato'rrus.

159 2881 230 2944 Nec
240 2873 368 2957 massyla
382 2853 476 2944 fames
486 2862 577 2921 duros
587 2847 745 2914 descendat
750 2842 788 2901 iu
799 2851 924 2908 armos,

158 2973 221 3034 Aut
233 2987 307 3049 aper
318 2966 393 3025 alter
404 2969 451 3022 eat
461 2947 631 3037 spumantia
638 2939 720 3004 bella
732 2948 864 2996 morere.

161 3061 303 3146 Gignitur
317 3075 408 3116 omne
418 3068 509 3136 geom
520 3040 668 3126 pecudum
679 3077 689 3109 ,
702 3045 794 3115 geum
807 3037 901 3083 omne
915 3017 1048 3081 ferarum

157 3157 241 3234 luter
252 3161 338 3242 prata
347 3165 454 3231 vagum
467 3139 552 3204 nullo
563 3129 687 3200 custode
694 3143 751 3208 per
761 3116 877 3182 temus
