2142 3858
177 275 239 350 418
422 289 775 348 unacott'tu
960 295 1050 356 ΗΒΕ.

175 379 322 458 Eminet,
335 395 365 444 et
376 387 745 471 nrindecansat'garmta
756 409 870 466 voees,

174 481 256 547 Cum
268 485 439 568 vagabunda
453 484 534 545 volat
546 485 708 546 commotis
717 487 872 568 plausibus
881 488 965 569 ales,
1061 515 1062 564 l

171 577 345 641 Frondibus
356 579 487 640 insidens
499 591 592 640 rento
603 599 673 642 eum
684 579 790 642 fronde
801 595 969 661 moretur,

170 667 330 758 Unguibus
343 677 492 737 adeamus
505 674 593 735 infixa
604 674 758 735 tenacibus
768 674 895 736 baereus.

168 760 373 852 Penuigemm
387 783 509 831 vernare
520 789 627 830 nemus
638 787 732 848 vapor
744 781 829 850 urget
841 768 876 840 iu
890 791 964 834 usus

169 853 327 944 Pignoris,
342 879 372 926 et
385 866 471 926 molli
484 867 644 928 durescunt
656 881 711 924 ova
725 871 831 944 tepore
845 886 855 922 ε

140 1016 142 1022 ,
166 951 341 1020 Pennautur
353 959 522 1020 membrata
534 945 648 1042 globis,
662 956 851 1033 animantur,
863 958 1019 1035 anbelant,

167 1047 381 1133 Rumpuntur‚
396 1053 548 1116 confracta
561 1064 668 1114 sonant
679 1095 689 1126 ‚
702 1050 812 1111 nutrita
823 1051 948 1114 volatus

166 1141 315 1221 Teutam,
327 1160 357 1208 et
369 1147 492 1209 rudibus
504 1147 653 1208 librantur
664 1146 696 1204 in
707 1163 779 1205 aera
791 1147 919 1224 pennis.

165 1233 226 1297 Sed
240 1259 308 1300 cum
320 1241 490 1303 discordent
502 1241 580 1300 inter
591 1259 622 1300 se
636 1237 788 1300 elementa
801 1252 932 1315 coacta,

161 1327 287 1394 Fetibus
300 1333 414 1397 eductis
424 1336 610 1396 concordant
622 1334 718 1407 unda,
734 1331 781 1393 rel
794 1331 881 1414 iguis.

163 1419 257 1485 Unda
269 1441 350 1488 creat
359 1429 512 1504 volucrem
525 1429 666 1510 producit
678 1425 800 1487 flamma
809 1426 965 1491 volucres.

162 1513 276 1579 Pabula
290 1523 401 1582 montis
415 1536 517 1594 erant,
531 1523 654 1582 sednon
667 1521 719 1600 qui
731 1532 866 1602 pasceret
878 1520 1015 1601 herbas,

161 1607 267 1670 Adfuit
280 1636 288 1672 ε
303 1613 418 1676 intactae
429 1618 593 1678 senuissent
605 1614 730 1675 floribus
739 1613 862 1688 herbae,

161 1699 206 1762 Ni
219 1707 366 1784 pascenda
378 1709 462 1771 daret
473 1710 561 1772 tellus
571 1711 705 1790 jumenta
717 1727 773 1787 per
785 1725 885 1788 agros.

123 1817 125 1822 ·
203 1795 292 1860 Sexta
308 1798 371 1862 die's
385 1799 493 1866 Pboebi
506 1803 597 1863 rutilo
608 1811 792 1882 processerat
804 1811 896 1874 ortu,

162 1889 243 1954 Corn
257 1907 360 1956 natura
372 1915 481 1975 parens
492 1895 585 1979 gignit
597 1893 760 1954 animantia
770 1891 867 1952 terris.

160 1984 315 2049 Cornibus
326 2002 488 2070 erumpunt
500 2001 613 2049 armata
625 1988 745 2048 fronte
735 2005 863 2068 Juvencr
1061 2039 1062 2046 ,

154 2077 196 2140 Et
208 2100 265 2162 per
276 2096 361 2163 prata
371 2103 478 2166 vagum
489 2075 624 2162 sequitur
635 2099 687 2142 sua
697 2077 805 2140 bucula
817 2089 958 2142 taurum.

158 2169 296 2236 Cervus
287 2196 318 2236 m
331 2194 401 2237 arva
414 2176 499 2262 fugax
509 2173 648 2256 palmatis
660 2170 801 2244 cornibus
810 2185 918 2249 errat
1061 2187 1062 2190 ’

23 2265 26 2320 Ῑ
134 2305 138 2326 ,
153 2265 195 2326 Et
207 2267 293 2331 velox
303 2267 475 2351 prorumpit
486 2289 596 2349 equus,
611 2285 703 2349 pecus
716 2263 788 2327 utile
798 2263 903 2328 bellis.

142 2359 251 2442 Impia
264 2361 413 2424 terribiles
426 2355 566 2444 producit
578 2375 657 2424 terra
669 2361 782 2422 leones.

151 2449 337 2535 Simplicitas
349 2456 451 2517 ovium
454 2456 581 2521 fraudes
594 2473 716 2538 passura
728 2453 892 2534 luporum,

148 2544 190 2608 Et
202 2566 305 2611 raucos
319 2547 419 2608 timuit
430 2549 599 2612 discurrens
612 2551 698 2610 dama
712 2545 870 2608 molossos.

149 2638 277 2722 Spumat
289 2655 506 2723 aper‚mortes
514 2643 616 2704 lunato
629 2643 721 2702 deute
733 2640 884 2714 minatus,
1061 2631 1062 2704 i

146 2733 188 2795 Et
198 2734 272 2796 latos
286 2733 443 2814 obliquans
455 2735 617 2796 meditatur
628 2733 853 2816 praeliatorrus.

146 2825 216 2889 Nec
227 2827 353 2910 massyla
367 2827 462 2895 fames
472 2830 564 2889 duros
573 2828 732 2889 descendat
742 2826 774 2886 iu
785 2843 911 2904 armos,

142 2917 205 2978 Aut
218 2936 292 2998 aper
302 2919 378 2980 alter
388 2931 435 2981 eat
445 2921 615 3001 spumantia
624 2919 704 2981 bella
717 2939 849 2980 morere.

144 3008 286 3094 Giguitur
300 3029 391 3073 omne
401 3033 492 3096 genus
503 3014 672 3094 pecudum,
686 3031 778 3096 genus
790 3031 885 3074 omne
899 3013 1039 3082 lemn
1061 3059 1062 3136 p

139 3101 223 3177 luter
234 3114 319 3192 pttb't
329 3121 435 3190 vagum
448 3105 533 3170 nullo
545 3107 669 3172 custode
676 3125 733 3188 per
743 3105 858 3168 herbas.
