2106 3846
1 335 131 396 mati.
280 345 715 408 cremonen„
843 334 908 404 '245

2 443 148 504 Jndicio
161 442 273 516 cordis,
286 461 346 520 quo
360 441 723 522 mundum'proposuissct

4 537 162 598 Consilio
175 555 294 596 servare
305 533 391 594 Deus
405 557 411 592 :
425 554 511 594 mens
523 534 615 595 excita
629 533 765 617 longum·

2 629 161 692 Excutiat
176 648 318 689 somnum
331 671 340 702 ,
355 647 444 707 seque
454 626 499 686 illi
512 627 618 686 subdat
630 639 660 687 et
673 627 772 707 aptet,

6 722 77 803 Qui
96 723 249 804 cupidam
263 733 291 781 et
304 721 394 780 fidam
405 721 554 801 promissa
567 721 598 779 in
611 719 717 801 gaudia
730 719 824 781 ducat.
848 757 853 768 ·

50 817 135 878 Hoc
149 829 197 878 est
209 813 365 876 nobiscum
377 814 459 892 quod
473 826 502 873 te
514 813 624 876 sentire
637 812 774 873 serebas?

9 909 94 970 Haec
106 911 232 970 sincera
242 907 337 967 fides?
349 907 412 966 hoec
427 903 540 965 Christi
555 903 662 980 Gratis
672 918 773 967 tecum
786 907 853 966 est?

14 999 116 1082 Cujus
130 1020 213 1082 opus
225 999 282 1058 fixo
296 999 468 1060 distinctum
480 997 578 1058 limite
591 1009 687 1062 totum

12 1092 108 1152 Extra
117 1092 283 1153 hominem
293 1092 394 1152 statuis
407 1091 504 1154 clausa
517 1091 636 1172 penitus
648 1091 713 1151 iore
727 1090 857 1164 mentis,

13 1183 137 1262 Vixque
150 1182 258 1242 Deum
268 1181 369 1240 sensus
381 1183 478 1242 caruis
489 1183 638 1262 permittis
651 1174 751 1257 adire,

16 1274 81 1336 Per
91 1295 170 1355 quos
182 1286 301 1355 sumpta
313 1274 387 1332 ioris
399 1273 517 1334 animus
529 1273 672 1352 dijudicet
683 1273 781 1346 intus,
812 1342 814 1347 ¹

14 1367 119 1448 Seque
134 1369 215 1429 serat
228 1386 348 1446 quoquo
361 1365 468 1427 librata
479 1365 614 1426 examina
627 1367 744 1446 pondos

15 1459 174 1522 Presserit
184 1459 299 1521 arbitrii
312 1482 319 1518 :
334 1457 439 1519 Veluti
452 1479 520 1521 curn
527 1478 601 1521 voce
614 1459 782 1541 loquentis,

13 1553 76 1614 Aut
88 1574 201 1616 rerum
210 1566 341 1614 actarum
355 1552 455 1633 specie
468 1572 540 1633 quas
552 1553 699 1629 vidimus,
713 1566 762 1614 aut
772 1567 844 1635 quas

15 1645 167 1730 Legimus
184 1689 193 1719 ,
206 1645 335 1706 exoritur
347 1659 460 1706 secreta
470 1645 569 1706 cordis
581 1645 612 1704 in
626 1646 693 1706 aula

17 1737 115 1800 Nunc
130 1757 242 1810 amor,
256 1749 305 1795 aut
318 1734 438 1807 odiurm
452 1755 532 1796 nunc
544 1756 630 1816 spes,
644 1751 756 1810 metus;
772 1739 832 1813 ira,
848 1740 904 1797 do-

190 1827 313 1906 lorque:
664 1877 666 1880 .

17 1921 87 1984 Nec
98 1936 207 1983 tamen
219 1921 274 1980 hos
284 1914 384 1981 motus
395 1920 534 2002 scriptor,
549 1935 701 1998 narrator,
715 1935 744 1984 et
756 1935 840 1983 actor

21 2014 164 2078 inserere
178 2013 298 2087 animo,
313 2014 557 2092 (quamvisforte
569 2016 628 2076 hoc
639 2035 759 2096 quoque
769 2014 901 2091 vellent)

23 2103 84 2168 Sed
99 2109 136 2168 de
149 2107 302 2188 perceptis
311 2124 397 2168 mens
409 2107 497 2187 judex
508 2121 615 2188 sponte
628 2110 783 2182 movetur,

19 2197 60 2260 Et
67 2220 129 2283 pro
141 2219 229 2261 more
240 2219 293 2260 suo
305 2211 448 2278 quantum
461 2219 492 2259 se
505 2200 634 2260 exercuit
646 2199 709 2262 istis

18 2290 142 2353 Transit
154 2293 187 2352 in
199 2292 339 2355 affectum
352 2313 440 2371 quem
453 2291 679 2354 confirmaverit·
687 2315 721 2355 ex
733 2315 782 2368 se,

23 2385 78 2446 ttta
88 2385 220 2446 volendo
233 2405 377 2465 sequens,
389 2384 452 2446 istis
462 2384 598 2456 ,nolendo
611 2386 758 2450 resistens.

62 2479 184 2540 Atvero
198 2479 389 2560 omnipotens
396 2479 554 2538 hominem
566 2501 634 2542 cnm
650 2479 757 2540 Gratia
770 2479 881 2555 salvat,

24 2569 93 2652 Ipsa
102 2591 191 2631 suum
211 2577 398 2632 consummat
410 2589 505 2649 opus,
520 2571 696 2652 cuitempus
708 2573 813 2654 agendi

22 2659 156 2744 Semper
169 2665 250 2724 adest
261 2683 325 2741 quae
337 2673 417 2744 gesta
428 2661 498 2723 vetit
514 2687 522 2722 ε
536 2683 598 2724 non
613 2665 748 2724 moribus
759 2664 805 2723 illi

19 2755 71 2818 Fit
84 2775 175 2818 mora
188 2800 198 2832 ,
213 2776 268 2816 nec
279 2755 372 2818 causis
382 2774 492 2836 anceps
503 2757 694 2835 suspenditur
708 2754 786 2816 uilis.

24 2849 95 2912 Nec
105 2851 190 2929 quod
200 2847 263 2909 sola
273 2861 371 2929 potest
383 2894 392 2926 ,
406 2867 496 2924 cura,
513 2847 674 2926 officioque
686 2847 819 2909 ministri

19 2941 221 3022 Exsequitur,
237 2941 392 3004 famulisve
403 2943 500 3006 vicem
513 2938 675 3002 committit
685 2942 790 3024 agendi
804 2966 811 3001 z

22 3035 87 3114 Qui
101 3033 238 3115 quamvis
251 3036 344 3094 multa
355 3038 533 3096 admoveant
545 3034 685 3114 mandata
696 3035 843 3109 vocantis,

21 3126 164 3206 Pusam,
178 3147 240 3188 uon
253 3127 364 3190 intrant
375 3129 498 3190 animas.
513 3125 597 3188 Deus
610 3147 680 3210 ergo
694 3127 825 3210 sepultos
