2142 3858
152 269 211 332 386
377 270 553 328 antroms
576 269 810 327 apostolica:
929 285 958 322 r.
974 263 1039 347 975.

152 375 234 436 Nota
244 368 366 453 querela
378 369 453 431 locis
466 380 497 430 ut
509 368 547 428 sit
558 368 724 450 superanda
737 385 893 429 cammus.

155 466 263 528 Paulus
275 476 355 547 gesta
366 463 489 542 loquens
500 462 599 528 socios
612 461 656 522 ibi
664 460 780 521 lumina
793 459 912 522 dudum

158 559 355 641 Conspexisse
367 577 451 631 suos,
467 575 571 618 vocem
584 567 685 615 tamen
697 553 818 614 auribus
830 553 920 616 illam

154 653 229 714 Non
242 652 372 720 hausisse
385 650 492 720 resert3
508 661 536 708 at
546 661 618 710 tunc
631 668 690 727 quo
700 659 841 728 tempore
850 667 955 711 oaecus

156 746 294 818 Decidit,
311 757 339 805 et
353 763 458 804 vocem
471 742 597 804 comites
610 741 724 801 audisse
737 741 879 822 leguntur
895 765 904 802 ε

159 839 210 902 Sic
222 839 315 900 variat
325 837 472 896 narrantis
484 855 578 918 opus,
589 835 641 896 sed
652 845 810 913 utrumque
822 853 955 896 necesse
969 849 1011 896 est

158 932 324 1005 (luminat,
341 931 418 1000 haud
430 929 570 1000 dubium3
585 948 656 989 nam
671 941 739 989 tunc
753 927 871 988 audisse
887 929 1025 990 feruntur

157 1026 316 1107 Accepisse
329 1043 453 1098 sonum,
468 1013 548 1084 nunc
561 1042 623 1082 non
635 1021 748 1081 audisse
759 1021 905 1101 prolecto
922 1047 930 1083 :

161 1120 237 1182 ttaec
250 1113 373 1178 rationis
384 1115 440 1178 erit
453 1115 579 1196 simplex
592 1113 639 1174 via
651 1115 715 1196 jure
729 1126 852 1195 negatur

159 1213 246 1289 Vox,
262 1209 404 1294 quoniam
415 1210 537 1272 conlusa
550 1208 649 1286 loqui,
663 1209 761 1287 nelpue
773 1208 914 1269 creditur
926 1203 1005 1269 iilud

161 1308 190 1368 Α
201 1326 340 1368 sermone
353 1304 435 1378 dari,
448 1299 602 1384 quod'non
611 1302 642 1360 in
653 1315 776 1382 pectore
790 1303 901 1362 condit

162 1400 343 1481 Accipiam,
359 1395 449 1457 dubia
463 1407 576 1455 tantum
589 1393 753 1455 stimulatus
765 1393 801 1454 ab
815 1414 891 1456 aure
905 1439 915 1472 ,

164 1493 328 1574 Ambiguus
341 1491 439 1572 fragor
451 1489 527 1550 solas·
538 1489 713 1549 deverberat
726 1509 828 1548 auras:

165 1585 216 1647 Sic
225 1584 338 1645 audisse
350 1583 455 1657 simul,
465 1581 508 1644 sic
517 1602 579 1642 non
593 1579 707 1642 audisse
717 1581 853 1663 leguntur
865 1626 877 1658 ,

164 1679 265 1739 Altera
280 1697 348 1758 pars
360 1676 492 1751 sonitus,
507 1687 586 1737 certa
597 1688 640 1734 est
654 1695 723 1756 pars
732 1674 824 1735 altera
832 1677 940 1752 vocis,

166 1771 207 1834 Et
218 1772 274 1832 lert
286 1783 372 1848 atque
386 1769 476 1829 relert
489 1767 639 1852 geminam
654 1787 700 1828 res
715 1767 767 1827 illa
779 1769 920 1850 liguram.

208 1864 337 1949 Agmina
349 1853 488 1944 supplicii
502 1859 646 1921 ferventia
659 1879 787 1942 corpore
801 1858 891 1921 Pauli
970 1927 974 1934 ,

170 1960 388 2038 Poenarumque
402 1976 504 2039 graves
516 1954 654 2015 evolvere
665 1955 798 2015 versibus
811 1953 870 2015 iras

172 2053 268 2118 Causa
284 2066 405 2128 monet,
420 2053 471 2112 sed
485 2050 583 2131 lingua
596 2062 684 2130 pavet
695 2059 707 2106 :'
716 2049 861 2133 fugiamus
873 2051 914 2111 ab
930 2050 989 2112 ista

172 2146 259 2208 Parte
273 2145 375 2219 dolor,
390 2144 535 2222 veritique
549 2143 631 2202 nesas
643 2155 705 2203 tam
719 2143 800 2204 triste
811 2164 1011 2225 premamus,

171 2239 337 2319 Eloquium
351 2259 389 2298 ue
404 2238 480 2298 sorte
492 2237 591 2318 legens
604 2257 654 2296 sua
667 2225 784 2297 [letibus
794 2257 848 2297 ora

173 2332 353 2413 Compleat‚
368 2344 396 2390 et
408 2329 495 2411 largis
505 2329 658 2392 humescat
672 2330 779 2414 pagina
791 2331 889 2412 guttis.

172 2425 239 2487 Nec
249 2438 349 2484 tamen
363 2424 424 2482 haee
437 2434 574 2503 poterant
587 2421 703 2484 animos
714 2423 819 2484 satiare
831 2439 992 2504 cruentos,

173 2519 266 2580 Ardet
277 2537 362 2575 amor
375 2514 538 2591 scelerum,
554 2516 736 2600 cupiuntque
749 2517 779 2578 in
792 2520 936 2602 sanguine
951 2518 1036 2581 Pauli

176 2609 337 2692 Sacrilegas
347 2629 463 2671 versare
475 2629 596 2684 manus,
612 2632 677 2690 quae
691 2612 762 2670 dura
777 2611 931 2674 malorum

176 2703 254 2766 Vola
264 2699 437 2787 quaterdeni
451 2723 566 2784 vesanae
578 2704 679 2788 stirpis
690 2704 802 2763 alumni

175 2800 350 2880 Imposuere
364 2799 438 2873 sibi,
452 2818 514 2858 non
528 2787 621 2856 ullum
637 2818 753 2857 sumere
765 2810 873 2878 potum

178 2889 324 2951 Primitus
338 2903 426 2970 atque
441 2891 563 2968 cibum,
579 2911 666 2968 quam
682 2903 766 2972 parta
778 2891 858 2965 caede
869 2893 993 2954 daretur

179 2981 261 3042 Hinc
275 2981 366 3063 magis
378 3003 440 3044 esse
454 2983 561 3064 dapest·
573 3004 592 3043 o
607 2983 717 3066 pallida
731 2983 837 3044 mortis
850 2985 954 3070 imago
970 2987 977 3044 l

181 3071 290 3135 Pocula
305 3087 372 3134 sunt
384 3076 477 3155 judaea
490 3077 545 3137 tibi
559 3074 686 3137 meliora
699 3077 814 3138 cruoris
