2198 3844
44 321 151 412 m95.
222 328 714 396 elnnuuensculnu.
879 323 920 396 33

10 447 13 480 ³
45 431 786 521 ChristusadhaeczTantumDominumscriptu'ra,
799 439 921 504 Deum-

210 549 269 608 que

49 619 134 684 lussit
145 623 285 696 adorari,
298 634 327 682 et
339 621 395 682 soli
407 620 578 684 famularier
591 625 652 684 uui.

50 713 102 777 llis
111 738 230 796 quoque
245 715 385 776 deficiens
397 717 600 796 congressibus
611 719 722 791 „audet
732 719 868 801 iniquus,

49 806 103 869 Ter
113 827 178 872 sese
191 809 346 884 attollens,
360 809 462 880 animo
477 823 607 888 perstare
618 813 767 891 superbo,

50 899 159 984 'lerque
171 903 289 963 volutus
299 903 410 976 humo,
425 901 520 994 fragili
533 903 684 964 confidere
700 905 791 966 bello.

51 993 125 1058 Tunc
136 997 297 1076 assumpsit
305 1017 376 1056 eum
389 1009 520 1057 sanctam
529 997 689 1060 sceleratus
702 999 734 1060 in
744 999 872 1078 urbem,

48 1086 83 1148 Et
94 1103 223 1150 statuens
234 1090 285 1150 alti
296 1107 386 1170 supra
400 1088 514 1172 fastigia
526 1091 649 1172 templi,

49 1179 80 1241 Si
89 1197 192 1247 natum
203 1184 336 1266 genitore
349 1183 420 1255 Deo
434 1196 492 1244 tete
505 1185 627 1258 asseris,
641 1185 754 1263 inquit,

48 1271 174 1360 Impiger
185 1298 202 1337 e
214 1298 333 1336 summo
347 1278 491 1338 demissos
504 1277 605 1336 labere
617 1289 706 1339 tecto.

10 1375 12 1392 '
49 1365 123 1430 Nam
136 1374 282 1451 scriptura
294 1371 398 1444 docet,
414 1372 451 1430 de
465 1383 494 1430 te
509 1369 661 1430 mandasse
674 1383 846 1450 tonantem,

45 1462 193 1546 Angelicis
203 1463 356 1524 subvectus
368 1484 416 1532 cas
429 1476 460 1524 ut
475 1464 567 1524 tutior
583 1461 678 1538 uluis,

47 1554 91 1615 tt
102 1555 235 1637 lapidem
247 1577 284 1616 ne
296 1556 372 1616 sorte
386 1558 495 1638 pedem
510 1556 650 1617 collidere
662 1557 765 1636 possis.

47 1645 174 1728 (dquam
187 1644 263 1710 caeca
275 1649 350 1730 gerit
362 1649 447 1730 nigro
460 1649 513 1709 sub
528 1662 650 1728 pectore
665 1651 756 1709 corda

45 1737 130 1804 Meus
141 1741 275 1803 tenebris
287 1742 412 1803 obscura
425 1741 500 1802 sois!
515 1741 593 1803 hunc
605 1743 694 1802 ardua
708 1743 823 1830 templi.

46 1831 187 1896 Culmina
199 1879 208 1908 ,
221 1847 254 1894 et
264 1847 370 1896 erectae
381 1834 515 1912 quamvis
531 1835 643 1918 fastigia
657 1836 756 1916 pinnae

46 1923 180 1989 Credidit
189 1929 221 1988 iu
234 1949 365 2008 praeceps
377 1929 566 2001 horrescere,
582 1929 710 1988 maxima
728 1931 839 2008 summi

45 2019 185 2083 Curravit
197 2022 249 2100 qui
264 2021 401 2082 membra
416 2021 498 2102 poli,
514 2021 663 2101 coelosque
677 2043 732 2102 per
745 2043 851 2084 omnes

45 2109 151 2177 Vectus
164 2116 197 2174 in
209 2127 347 2175 extremae
357 2114 508 2176 deseendit
520 2113 690 2172 humillima
701 2127 803 2189 terrae,

49 2204 194 2270 loleriora
206 2220 323 2288 petens,
343 2207 393 2266 sed
406 2227 468 2267 non
481 2205 592 2268 excelsa
606 2205 784 2286 relinquens.

46 2297 183 2377 Dixerat,
197 2314 228 2362 et
239 2300 329 2361 validi
340 2298 494 2361 confossus
503 2300 628 2380 cuspide
641 2301 743 2376 verbi,

47 2392 134 2470 Quod
140 2407 256 2458 tentare
262 2414 347 2454 suurn
354 2392 595 2472 Dominamque,
605 2392 763 2473 Deumque
770 2397 918 2476 nequiret,

45 2483 174 2550 Victoris
186 2488 261 2571 sugit
272 2508 325 2548 ora
335 2507 465 2571 gemens.
476 2487 564 2548 'func
573 2488 656 2548 hoste
667 2487 786 2569 repulso
797 2533 807 2565 ,

47 2577 196 2644 Coelicolze
208 2581 344 2641 assistunt
353 2601 511 2661 proceres,
528 2594 675 2659 coetusque
688 2582 831 2648 micantes

45 2671 178 2756 Angelici
192 2671 312 2734 Christo
324 2673 504 2733 famulantur
517 2673 572 2732 rite
584 2674 723 2734 ministri.

82 2765 225 2827 Protinus
236 2786 306 2848 ergo
319 2768 399 2826 viros
411 2788 445 2827 ex
459 2766 654 2848 piscatoribus
671 2779 757 2846 aptos

47 2857 200 2920 Humanas
212 2858 320 2939 piscari
334 2859 466 2935 animas,
480 2881 546 2937 quae
566 2858 680 2937 lubrica
694 2860 797 2922 mundi

47 2951 161 3014 Gaudia
174 2964 337 3026 sectantes,
353 2966 494 3034 tanquam
507 2971 577 3035 vaga
589 2952 694 3014 caerula
705 2955 810 3033 ponti,

48 3042 190 3124 Caecaque
205 3046 374 3128 precipites
387 3058 506 3108 tranant
520 3045 632 3107 incerta
644 3045 803 3128 prolundi,

45 3133 219 3220 Discipulos
231 3138 313 3222 jubet
326 3159 388 3202 esse
400 3159 488 3218 suos,
503 3138 632 3220 talesque
644 3160 780 3222 supernae

671 3236 854 3360 ·⁴'.
