2142 3858
12 323 130 386 t.285.
253 335 319 386 nn
352 321 647 389 nn'onrnt
841 325 900 410 4¹9

11 428 698 505 instarmnntishabensincedithestiamole.
960 503 962 511 Ι

11 520 178 582 Promitnr
190 521 291 605 anguis
301 522 403 597 hians,
418 524 552 602 quatiens
563 525 618 584 sub
631 525 720 584 dente
730 541 900 596 venenum,

11 611 49 674 Et
61 613 225 675 maculosa
237 614 316 694 repit
326 615 458 694 squamis
467 637 524 697 per
533 617 646 678 viscera
655 635 800 698 serpens,

10 707 83 768 Atra
96 727 222 768 venena·
231 727 342 770 nocens
352 709 476 768 missura
488 727 505 769 e
516 708 635 771 flatibus
648 711 729 783 oris,
755 711 756 719 ’

10 800 46 862 Et
59 800 172 864 subito
184 819 320 880 sparsura
328 820 431 884 graves
439 818 495 882 per
503 802 591 864 sibila
604 815 739 878 mortes,

10 894 112 974 Atque
127 893 236 954 eadem
248 894 394 956 memhris
406 895 596 975 impertitura
607 895 750 959 medelas.

9 986 69 1048 Scri
84 1007 130 1047 ne
146 983 250 1048 cnn'cta
261 986 351 1048 simui
363 989 475 1068 passim
487 1000 544 1070 per
556 1003 662 1052 cuncta
674 989 817 1062 snismnt,

9 1079 181 1142 Distribuit
192 1079 259 1142 inca
269 1091 349 1142 centa
361 1078 466 1157 Deus,
480 1095 511 1143 ct
521 1095 659 1163 tempora
670 1081 740 1143 fixit.

9 1173 173 1257 Tempore
185 1193 247 1234 non
261 1194 322 1235 nno
333 1175 477 1249 veniunt,
490 1195 556 1253 qnae
566 1193 642 1236 saera
650 1187 805 1236 vocantur.

12 1268 82 1330 Non
96 1287 225 1350 semper
235 1281 337 1330 movet
346 1285 430 1329 arma
443 1267 491 1328 len
503 1311 511 1339 ‚
524 1287 582 1329 nec
592 1267 728 1347 scorpius
739 1267 818 1328 ictus
943 1330 945 1338 ,

13 1359 148 1445 Semper
158 1362 263 1440 hahet,
278 1382 336 1424 nec
346 1381 468 1442 semper
477 1361 536 1445 agit
546 1359 610 1421 fera
619 1360 724 1440 vipera
736 1381 863 1438 monus,

12 1453 77 1517 Nec
89 1477 219 1536 semper
230 1455 338 1517 tollunt
350 1455 388 1516 ad
401 1454 525 1516 vulnera
536 1452 614 1516 colia
625 1467 745 1515 cerastae
757 1499 766 1532 ‚

12 1545 78 1610 Nec
88 1569 216 1629 semper
225 1548 297 1608 ierit
307 1549 386 1608 unda
396 1547 504 1622 maris,
515 1567 573 1608 nec
584 1566 704 1628 semper
716 1549 817 1630 adurit

14 1639 90 1702 Solis
99 1643 216 1721 ubique
229 1641 327 1716 calor,
341 1660 398 1721 pro
410 1653 549 1721 tempore
563 1653 711 1722 temperat
723 1641 806 1725 ignes

13 1730 71 1795 Pro
86 1735 214 1816 regione
228 1734 342 1816 plagae,
355 1743 413 1813 pr‘o
423 1745 563 1814 tempore
575 1746 725 1816 temperat
737 1735 851 1810 undas,

12 1824 51 1886 Et
63 1827 166 1903 modo
178 1825 324 1888 bellantes
334 1824 439 1890 flnctus
450 1825 528 1886 freta
538 1827 623 1909 pigra
634 1828 782 1908 jacebunt.

13 1915 81 2000 lpse
95 1920 206 2001 polus,
219 1920 271 2000 qni
284 1920 394 2003 grande
406 1932 507 1993 tonat,
522 1919 586 1980 sine
599 1918 680 1980 nube
692 1937 822 1982 serenus

16 2011 86 2074 Jant
99 2026 199 2090 tacet,
212 2026 242 2073 et
253 2034 331 2094 puro
344 2014 470 2072 redeunt
481 2010 659 2072 sectamina
672 2010 759 2072 cnelo.

6 2161 7 2164 ,
50 2106 152 2168 Multa
162 2106 237 2168 locis
251 2107 317 2167 data
328 2118 397 2167 sunt
409 2105 498 2166 variis
511 2104 645 2185 dispersa
655 2123 711 2185 per
724 2103 844 2168 orbem.

15 2199 106 2261 Arida
118 2201 259 2281 vipereos
268 2202 377 2282 angues
386 2197 515 2278 suscepit
527 2216 637 2273 arena,

17 2293 151 2356 Humida
163 2292 286 2354 sortitur
297 2291 385 2352 telins
394 2288 459 2351 fera
466 2287 544 2352 coila
556 2291 695 2367 ieonum,

15 2386 96 2448 ludia
108 2405 180 2448 cum
191 2384 318 2468 gemmis
331 2396 361 2445 et
372 2382 505 2445 eburnea
516 2397 650 2448 monstra
662 2384 806 2446 minatur.

15 2475 120 2539 Bellua
131 2477 250 2538 divinos
262 2477 341 2538 inter
351 2489 509 2560 generatur
523 2479 633 2538 odores
645 2521 655 2555 ‚

16 2569 248 2649 Ambrosiasque
261 2570 340 2651 rapit
351 2569 430 2632 male
441 2569 580 2652 frangens
591 2571 686 2634 hestia
697 2589 825 2644 messes;
882 2597 885 2605 ·

16 2660 208 2742 incertusque
222 2663 307 2724 color
319 2664 401 2746 tigris
411 2683 468 2744 pec
479 2664 563 2726 mille
576 2664 694 2726 colores

17 2752 174 2817 Montibus
192 2754 343 2837 Hyrcanis
354 2756 433 2817 venit
444 2801 453 2834 ‚
466 2770 554 2836 atque
567 2757 657 2819 effeta
667 2758 777 2820 marito
854 2806 858 2810 .
963 2755 965 2759 ’

16 2843 166 2924 Mittitur,
180 2863 214 2908 ut
229 2849 329 2912 vincat
342 2869 464 2912 currens
476 2850 581 2910 orbata
590 2849 746 2930 procellas.

17 2935 459 3006 Cornibuserectissortitaest
470 2943 703 3019 Africanam,

16 3029 157 3097 Concava
177 3034 341 3116 suscipiunt
353 3055 409 3119 per
423 3049 541 3098 montes
553 3055 619 3100 saxa
630 3038 782 3100 dracones.

18 3121 134 3190 Cetera
147 3127 298 3215 distribuit
307 3131 433 3194 dirersis
441 3131 556 3194 semina
570 3131 678 3208 terris,
