2106 3846
173 292 305 362 188'
419 299 832 358 cucumae-m
944 287 1020 376 22⁸7.

172 403 250 465 Jure
263 397 416 482 potestatis
428 399 508 461 lutea
520 417 665 482 compage
678 412 836 476 creatum,

173 494 298 557 Semine
308 491 432 554 mortali
444 492 598 574 genitum,
610 502 758 572 terraeque
771 495 943 572 reductum,

170 579 328 650 Justornm
341 588 373 645 in
385 585 471 647 lactis
483 584 565 645 letho
579 584 625 644 nil
637 586 771 646 cruditur
779 585 844 646 ulli.

184 719 191 736 .
211 680 295 763 Ergo
307 693 339 740 ut
349 697 501 760 percussas
510 676 631 740 soboles
643 677 765 739 confusa
779 691 903 761 repente

169 773 249 837 Aula
260 773 362 848 ridet,
376 782 501 834 currunt
511 769 617 832 flentes
626 771 778 833 adiuuere
792 785 920 849 matres,

170 865 301 929 Pectora
314 866 501 927 contundunt
511 863 637 946 pugnis,
651 864 812 942 crinesque
825 863 964 927 revellunt

169 958 351 1038 Unguibus,
366 969 396 1017 et
408 956 507 1038 nigras
520 956 662 1016 festinant
671 957 809 1018 scindere
819 956 921 1018 malas

170 1052 241 1116 Nec
253 1052 394 1111 dominos
406 1049 547 1130 planxere
557 1047 628 1126 diu,
643 1068 715 1108 mox
726 1063 853 1131 occupat
864 1069 964 1110 onmes

171 1144 285 1208 Luctus
298 1163 447 1224 quemque
458 1163 546 1217 suns,
558 1153 645 1202 sonat
656 1161 732 1202 onus
744 1142 777 1201 in
786 1143 895 1204 aethere
905 1143 1001 1205 clamer

177 1239 255 1300 Non
267 1258 327 1298 uno
341 1259 376 1297 ex
387 1235 473 1307 lletu;
489 1235 647 1296 confundit
658 1254 733 1296 voce
746 1235 907 1295 tumultum

174 1332 271 1393 Nulla
282 1350 389 1393 vacans
402 1351 419 1388 a
433 1329 664 1398 menedemus:
678 1339 743 1389 tum
756 1327 870 1389 lumine
881 1327 972 1389 multo

175 1423 275 1486 Omni
290 1436 409 1484 curatur
421 1422 608 1502 populorum
621 1421 710 1481 sunus
722 1420 755 1480 in
766 1419 851 1481 urhe.

168 1515 329 1576 »Iudicium
341 1517 451 1595 justum
463 1515 543 1597 cogit
553 1533 681 1574 moerere
696 1525 857 1574 merentes.

171 1608 213 1670 Et
228 1611 299 1668 dum
312 1609 378 1687 quis
390 1609 517 1689 proprio
529 1609 622 1670 fervat
635 1607 765 1668 lamenta
775 1604 894 1681 dolori,

171 1699 322 1780 Exequias
336 1703 452 1761 tardant
462 1701 576 1777 luctus,
591 1701 803 1780 inhumataque
815 1698 904 1760 turha

72 1867 75 1876 k
119 1811 121 1816 ·
170 1792 274 1854 Dilata
287 1794 378 1875 jacuit
391 1795 535 1875 tantisper
547 1807 630 1856 sorte
642 1794 790 1875 sepulcri:
816 1825 821 1836 ι

171 1885 214 1948 Et
224 1888 282 1948 nisi
296 1890 356 1969 jam
370 1889 492 1946 tandem
505 1906 615 1948 vacuos
628 1888 785 1948 ethonore
798 1899 934 1948 carentes

171 1979 234 2041 Vel
247 1981 327 2041 nuda
338 1979 444 2039 tellure
459 1978 556 2053 locet,
573 1979 621 2040 vel
633 1992 808 2041 concremet
819 1980 896 2061 igni,

170 2071 233 2135 Vix
246 2072 372 2135 collecta
381 2091 486 2132 manns
499 2092 563 2149 quae
575 2085 671 2133 tantos
684 2073 835 2134 clauderet
848 2093 935 2135 urna.

214 2165 297 2225 Tum
310 2164 538 2246 regemcireum
551 2178 707 2232 commoto
719 2185 875 2226 murmure
886 2166 963 2228 sistit

171 2257 282 2318 Moesta
295 2257 420 2331 cohors,
433 2256 562 2334 humiles
573 2256 756 2336 depromens
768 2279 844 2320 voce
857 2258 995 2337 querelas

119 2385 125 2397 ·
172 2349 245 2412 llen
257 2350 387 2408 nimium
400 2351 510 2410 nostris
525 2351 647 2410 adversa
657 2353 795 2430 potentia
808 2352 898 2412 rebus

158 2441 298 2504 Hebraei
310 2441 437 2520 populi,
450 2442 543 2502 toties¹
551 2443 599 2504 cui
611 2444 731 2524 vindice
743 2445 845 2504 dextra

172 2531 289 2594 Militat
298 2551 390 2592 omne
402 2533 534 2609 malurn,
548 2545 627 2596 totns
637 2536 685 2595 cni
698 2536 827 2614 denique
841 2537 969 2598 mundns

134 2703 136 2712 Ι
160 2623 309 2709 Pugnat,
325 2637 355 2686 et
369 2625 446 2686 irato
457 2628 619 2688 succedunt
631 2648 778 2708 prospera
790 2628 885 2690 coelol

173 2719 231 2780 Vis
245 2721 381 2798 quaedam
392 2731 504 2782 secreta
517 2715 598 2794 Dei,
610 2721 766 2800 majorque
777 2734 912 2800 potestas

171 2810 250 2874 Haec
263 2813 294 2870 in
308 2824 425 2890 sceptra
438 2811 527 2886 lucit,
539 2824 717 2893 gentemque
730 2813 882 2875 ulciscitur
893 2815 989 2895 ipsam

56 2895 62 2910 ‘
174 2901 273 2962 'Urbis
285 2904 401 2982 jactura
417 2926 424 2961 :
439 2904 519 2964 solos
530 2907 687 2985 pereuntia
699 2905 814 2969 salvant

175 2993 319 3054 Victores
332 2993 483 3057 elementa
495 3017 583 3074 suos,
597 2998 807 3077 redimuntque
820 3001 965 3062 cadendo.

172 3085 223 3148 En
234 3088 311 3168 iacet
323 3084 498 3170 AEgyptus,
511 3110 570 3152 uec
582 3095 642 3172 jam
654 3092 835 3174 reparabilia
847 3093 937 3158 ultra.
1037 3119 1038 3122 ¹
