2142 3858
8 347 114 410 2885.
219 361 670 419 innumerum.
830 349 891 412 383

8 451 120 534 duppin
131 452 230 516 adbuc
240 467 312 517 nuta
325 467 386 532 eat,
401 467 431 517 et
442 453 553 518 mulcet
566 455 696 538 imagine
707 457 846 531 mentes,

8 544 188 626 lss‘ectuque
203 549 296 609 animi
310 548 419 612 crescit
430 567 568 610 mensura
580 547 710 610 ridendi.

8 637 63 698 Sed
73 641 168 718 quod
180 641 220 701 ait
232 641 326 702 tribus
338 643 401 704 baec
413 642 499 703 anuis
509 631 659 722 precepta
669 640 770 704 salutis

8 729 106 792 Nocte
123 733 234 812 dieque
247 734 347 810 dedit,
358 747 442 816 patet
454 734 510 796 hac
520 734 635 794 ratione
646 734 758 817 figura,

8 821 64 900 Qui
80 825 170 886 canit
183 826 314 888 ecclesiae
328 827 386 890 tria
406 828 561 910 dogmata,
575 826 682 907 saepius
690 827 752 888 edit

8 911 197 1005 llistoricum
210 920 326 981 morale
336 937 461 992 sonaus3
477 919 671 1002 typicumque
682 920 841 997 volumen,

8 1004 52 1069 sic
64 1010 185 1070 etenim
196 1023 294 1072 ternas
306 1012 428 1094 capiunt
440 1032 490 1074 sex
500 1031 567 1074 vasa
581 1025 739 1090 metretas,

8 1099 80 1179 Quae
91 1104 190 1163 reteri
210 1104 247 1165 de
258 1103 321 1188 lege
334 1125 415 1167 novo
425 1105 554 1167 rubuere
562 1105 688 1185 liquore.

8 1191 121 1256 Forma
131 1197 271 1260 sacrificii
285 1199 410 1280 perlecti
423 1199 521 1280 prisca
534 1198 663 1260 canistro

10 1283 78 1348 Tres
85 1308 185 1368 panes
197 1289 307 1351 offerre
319 1291 418 1371 jubet,
433 1284 541 1370 quibus
551 1290 668 1350 additur
676 1287 750 1349 illud
762 1330 772 1363 ,

10 1376 175 1462 Discipulis
189 1383 276 1461 quod
290 1380 427 1444 Cbristm
439 1383 498 1459 ait,
512 1385 574 1464 jam
586 1393 674 1443 nocte
688 1381 803 1465 roganti

12 1467 80 1534 Tres
92 1494 190 1555 panes
202 1475 313 1536 debere
323 1476 404 1536 dari:
418 1495 478 1536 nox
490 1475 544 1536 ista
556 1473 694 1556 prolecto
710 1486 753 1534 est

13 1561 153 1643 ltlundus,
172 1579 202 1626 ut
212 1567 262 1630 bic
272 1568 372 1648 siquis
382 1567 466 1630 verbi
477 1568 623 1629 desiderat
636 1585 729 1641 estas,

18 1654 156 1721 Exhibeas
168 1660 287 1739 quaesite
300 1663 392 1742 dapes
403 1703 415 1738 ,x
428 1661 594 1742 doceasque
603 1659 773 1735 volentem,

16 1747 102 1827 Quod
113 1763 203 1834 pater
214 1765 394 1832 etnatusque
407 1765 523 1814 sanum
532 1753 654 1834 spiritus
666 1771 745 1813 unus

17 1837 76 1902 Sint
90 1843 200 1919 Deus,
213 1857 243 1904 et
254 1865 413 1905 numerum
425 1844 556 1926 triplicat
568 1844 730 1905 substantia
741 1842 877 1923 simplex.

16 1931 76 1998 Nec
88 1934 187 2020 semel
199 1937 263 1998 baec
274 1938 326 2017 pia
333 1939 411 2019 jussa
423 1949 545 1999 canunt:
556 1935 688 2017 angariat
700 1934 798 2013 inquit
889 1951 893 1954 ·

16 2022 57 2087 ‘le
70 2030 243 2107 quicunque
258 2042 366 2109 petens
376 2053 385 2103 ς
397 2042 430 2090 nt
442 2047 548 2110 pergas
558 2027 686 2108 praevius
696 2044 808 2101 unum,

20 2114 128 2181 Caetera
142 2121 218 2181 vade
231 2120 321 2180 simul
334 2121 394 2180 duo
408 2120 503 2181 millia
511 2163 521 2195 ,
529 2137 630 2179 nonne
641 2117 781 2178 ridentur

21 2207 83 2276 lloc
93 2214 236 2274 mandata
247 2213 350 2292 loqui?
360 2214 458 2294 siquis
469 2225 498 2273 tc
510 2210 638 2274 consulit
649 2227 752 2272 errans

20 2301 194 2385 lgnarnsque
208 2305 281 2381 viae,
295 2307 376 2385 quod
388 2307 426 2368 sit
437 2305 523 2366 Deus
534 2305 624 2364 edere
636 2302 730 2384 magis

21 2391 112 2460 l’rodc
127 2409 265 2479 patrem,
278 2397 421 2482 subjunge
434 2396 532 2460 libens
553 2397 634 2476 quod
646 2394 741 2470 filios,
755 2408 786 2456 et
798 2394 878 2476 quod

24 2483 145 2570 Spiritus
159 2503 201 2550 est
211 2488 327 2565 almus,
341 2509 469 2551 numero
483 2502 561 2565 tres,
575 2501 718 2550 ettamen
731 2505 815 2577 uuus.

28 2577 100 2646 llinc
112 2582 223 2643 Judaea
235 2601 358 2666 vacans,
372 2581 482 2643 sterilis
492 2604 559 2662 quae
571 2581 681 2644 dicitur
692 2580 799 2655 arbor,

24 2671 189 2758 Exspectata
202 2675 297 2738 tribus
307 2676 438 2738 fructum
449 2694 510 2736 non
523 2674 620 2736 attulit
632 2673 735 2747 anuis,

25 2765 106 2844 Quod
117 2768 230 2849 triplici
243 2789 389 2852 spernens
400 2779 527 2829 tractare
541 2765 694 2827 volumina
704 2781 806 2822 sensu:

25 2856 54 2918 ln
65 2862 134 2923 fidei
146 2863 280 2923 numeris
290 2861 384 2923 nescit
395 2860 466 2920 dare
478 2876 604 2918 munera
616 2853 748 2918 Christo.
827 2867 832 2872 '

56 2951 168 3014 Nobile
179 2955 241 3035 jam
253 2954 403 3035 templum
417 2949 588 3013 Salamouis
600 2945 712 3010 Paulus
724 2946 806 3010 adire

26 3039 171 3128 Ceperat,
186 3047 337 3136 etget'eris
349 3045 497 3108 solemnia
511 3042 635 3104 reddere
647 3039 730 3124 legis.

27 3132 152 3223 Corripit
160 3139 240 3202 bunc
252 3139 346 3222 judaea
355 3159 477 3215 manus,
491 3135 655 3216 rabidoque
666 3133 794 3196 tumultu
