2126 3848
246 355 670 430 tricasinum.
841 342 897 406 281
948 313 950 320 Χ

357 446 556 510 XXXVII.

9 545 197 607 Ieddedum
213 556 256 604 est
268 543 412 624 quinquid
425 543 529 602 mundi
541 543 618 603 bene
633 541 762 622 postulat
777 545 871 616 ordo,

41 637 314 719 Propositumque
325 637 375 717 pie
387 657 448 696 non
460 635 551 696 violat
564 635 644 695 fidei.

9 729 163 804 tinibus,
176 742 208 789 et
221 730 328 790 sanctis
341 728 422 789 nulia
436 741 479 789 est
492 729 639 809 speranda
650 737 788 808 potestas.

42 821 200 903 AEquum
215 835 259 882 est
271 823 381 884 servire
395 822 530 905 regibus,
545 833 574 881 et
586 821 726 881 dominis.
769 885 772 894 Δ
823 891 825 894 ¹

9 915 49 977 Ut
66 915 190 978 Christi
203 909 371 997 famulislad
383 911 488 976 'verum
499 914 596 995 prosit
608 914 757 974 honorem

43 1008 206 1069 Dilexisse
217 1008 331 1084 bonos,
346 1021 375 1068 et
388 1005 529 1068 tolerasse
544 996 648 1068 malos.

350 1098 569 1160 XXXVIII.

10 1193 96 1254 Dum
108 1191 308 1254 mutabilium
320 1194 479 1254 decurrunt
492 1201 630 1273 tempora
643 1211 744 1252 rerum
756 1233 765 1267 ,

48 1285 203 1366 Dumque
216 1285 276 1346 suis
289 1287 416 1346 mundus
428 1286 562 1346 motibus
572 1285 716 1345 atteri-tur.
758 1351 759 1356 η

9 1377 183 1441 Rectorem
196 1391 241 1440 est
252 1381 372 1440 adversa
382 1379 463 1460 pati,
479 1393 508 1439 et
518 1378 647 1439 tolerare
661 1367 815 1450 modeste,

48 1472 81 1534 N
84 1495 122 1536 ec
136 1471 266 1553 querula
276 1472 307 1532 in
320 1491 471 1552 quoquam
486 1493 558 1534 voce
572 1491 694 1534 movere
708 1469 831 1545 Deum,
920 1511 922 1522 J

10 1563 105 1648 Cujus
118 1565 238 1649 judicio
250 1565 323 1626 nulli
335 1578 474 1646 parcetur
486 1553 590 1644 iniquo
601 1587 610 1637 3

47 1658 89 1720 Et
103 1679 222 1738 perpes
231 1661 325 1735 justos
336 1658 433 1736 gloria
441 1659 596 1741 suscipiet:

372 1751 538 1818 XXXIX.
595 1751 596 1754 '

14 1853 92 1918 Cum
102 1854 226 1936 lapides
235 1851 295 1916 vivi
304 1852 387 1933 pacis
399 1872 544 1938 compage
557 1855 703 1937 ligantur,

50 1948 151 2030 Inque
164 1966 254 2028 pares
267 1965 409 2010 numeros
422 1948 563 2011 convenit
572 1964 631 2008 una
643 1949 750 2008 domus
760 1989 781 2029 ,Ι

18 2039 116 2104 Claret
130 2061 212 2122 opus
221 2038 367 2116 Domini,
381 2041 432 2119 qui
444 2052 538 2100 totam
554 2040 698 2102 construit
710 2037 830 2114 aulam,

52 2133 269 2211 Effectumque
283 2133 340 2213 piis
352 2135 401 2193 dat
411 2134 515 2194 studiis
525 2132 702 2207 hominum,

17 2225 158 2304 Quorum
174 2227 313 2307 perpetui
327 2228 445 2288 decoris
453 2239 598 2288 structura
609 2226 760 2301 manebit,
847 2227 851 2232 ’

55 2319 88 2380 Si
100 2320 236 2402 perfecte
250 2332 352 2381 auctor
364 2332 519 2402 protegat,
535 2332 621 2400 atque
634 2332 724 2402 regat.
747 2343 749 2352 <

418 2411 448 2471 X
461 2412 492 2472 t.
590 2409 593 2412 ’
679 2482 683 2494 1

19 2501 142 2588 Semper
155 2520 260 2583 erunt,
275 2508 356 2587 quod
369 2518 454 2576 suut,
467 2495 583 2567 aeternae
594 2507 699 2590 gaudia
712 2507 795 2583 vitae,

55 2598 218 2660 Gaudendi
231 2599 374 2679 quoniam
386 2617 472 2660 causa
484 2599 541 2658 erit
551 2600 616 2681 ipse
629 2599 731 2676 Deus,

16 2687 45 2748 N
48 2711 81 2753 ec
92 2693 196 2753 varios
208 2694 304 2772 pariet
317 2705 417 2751 motus
428 2691 542 2753 diversa
554 2693 700 2754 voluntas.

52 2773 164 2846 Unum
179 2785 235 2844 erit
247 2786 279 2844 in
294 2783 406 2846 cunctis
417 2783 536 2859 lumen,
552 2796 582 2843 et
594 2803 669 2844 unus
679 2801 774 2843 anaor·

16 2873 107 2956 Inque
121 2877 212 2939 bonis
224 2878 349 2938 summis
361 2876 458 2958 posita
469 2875 651 2956 experientia
664 2874 755 2950 felix,
803 2914 805 2921 ι

52 2969 123 3034 Nec
136 2969 219 3033 volet
230 2971 347 3054 augeri,
363 2989 420 3030 nec
431 2963 544 3029 metuet
556 2968 662 3028 minui.

17 3146 112 3216 Verus
125 3172 214 3216 amor
230 3151 343 3224 Christi
356 3057 628 3217 verielitliusiodia
640 3151 733 3236 legis,
