<?xml version="1.0" encoding="UTF-8"?>
<!DOCTYPE html PUBLIC "-//W3C//DTD XHTML 1.0 Transitional//EN"
    "http://www.w3.org/TR/xhtml1/DTD/xhtml1-transitional.dtd">
<html xmlns="http://www.w3.org/1999/xhtml" xml:lang="en" lang="en">
 <head>
  <title>
</title>
<meta http-equiv="Content-Type" content="text/html;charset=utf-8" />
  <meta name='ocr-system' content='tesseract 3.04.00' />
  <meta name='ocr-capabilities' content='ocr_page ocr_carea ocr_par ocr_line ocrx_word'/>
</head>
<body>
  <div class='ocr_page' id='page_1' title='image "./caiicaeliisedul00sedugoog_0260.png"; bbox 0 0 2106 3846; ppageno 0'>
   <div class='ocr_carea' id='block_1_1' title="bbox 12 259 933 351">
    <p class='ocr_par' dir='ltr' id='par_1_1' title="bbox 12 259 933 351">
     <span class='ocr_line' id='line_1_1' title="bbox 12 259 933 351; baseline -0.01 -19"><span class='ocrx_word' id='word_1_1' title='bbox 12 291 111 351; x_wconf 66' lang='grc' dir='ltr'><strong>ιη.</strong></span> <span class='ocrx_word' id='word_1_2' title='bbox 265 273 679 327; x_wconf 57' lang='lat' dir='ltr'><strong>constantinus.</strong></span> <span class='ocrx_word' id='word_1_3' title='bbox 850 259 933 342; x_wconf 43' lang='lat'><strong>253,</strong></span> 
     </span>
    </p>
   </div>
   <div class='ocr_carea' id='block_1_2' title="bbox 12 369 917 3086">
    <p class='ocr_par' dir='ltr' id='par_1_2' title="bbox 12 369 725 452">
     <span class='ocr_line' id='line_1_2' title="bbox 12 369 725 452; baseline -0.008 -16"><span class='ocrx_word' id='word_1_4' title='bbox 12 375 143 438; x_wconf 87' lang='lat' dir='ltr'><strong>Peccati</strong></span> <span class='ocrx_word' id='word_1_5' title='bbox 156 370 303 444; x_wconf 75' lang='lat' dir='ltr'><strong>ebrietas,</strong></span> <span class='ocrx_word' id='word_1_6' title='bbox 317 369 451 452; x_wconf 83' lang='lat' dir='ltr'><strong>corrupti</strong></span> <span class='ocrx_word' id='word_1_7' title='bbox 464 383 494 431; x_wconf 89' lang='lat' dir='ltr'><strong>et</strong></span> <span class='ocrx_word' id='word_1_8' title='bbox 505 370 604 433; x_wconf 85' lang='lat' dir='ltr'><strong>cordis</strong></span> <span class='ocrx_word' id='word_1_9' title='bbox 615 370 645 430; x_wconf 89' lang='lat' dir='ltr'><strong>in</strong></span> <span class='ocrx_word' id='word_1_10' title='bbox 659 369 725 432; x_wconf 79' lang='lat' dir='ltr'><strong>alvo</strong></span> 
     </span>
    </p>

    <p class='ocr_par' dir='ltr' id='par_1_3' title="bbox 15 457 684 542">
     <span class='ocr_line' id='line_1_3' title="bbox 15 457 684 542; baseline -0.009 -12"><span class='ocrx_word' id='word_1_11' title='bbox 15 467 178 542; x_wconf 87' lang='lat' dir='ltr'><strong>Persistit,</strong></span> <span class='ocrx_word' id='word_1_12' title='bbox 193 465 284 528; x_wconf 86' lang='lat' dir='ltr'><strong>cruda</strong></span> <span class='ocrx_word' id='word_1_13' title='bbox 297 463 391 526; x_wconf 82' lang='lat' dir='ltr'><strong>iervet</strong></span> <span class='ocrx_word' id='word_1_14' title='bbox 402 457 597 528; x_wconf 78' lang='lat' dir='ltr'><strong>carbunculus</strong></span> <span class='ocrx_word' id='word_1_15' title='bbox 609 485 684 526; x_wconf 86' lang='lat' dir='ltr'><strong>esca.</strong></span> 
     </span>
    </p>

    <p class='ocr_par' dir='ltr' id='par_1_4' title="bbox 18 559 694 643">
     <span class='ocr_line' id='line_1_4' title="bbox 18 559 694 643; baseline -0.007 -18"><span class='ocrx_word' id='word_1_16' title='bbox 18 565 109 625; x_wconf 86' lang='lat' dir='ltr'><strong>Hinc</strong></span> <span class='ocrx_word' id='word_1_17' title='bbox 120 561 218 622; x_wconf 89' lang='lat' dir='ltr'><strong>animi</strong></span> <span class='ocrx_word' id='word_1_18' title='bbox 232 560 315 642; x_wconf 77' lang='lat' dir='ltr'><strong>vigor</strong></span> <span class='ocrx_word' id='word_1_19' title='bbox 329 560 467 636; x_wconf 86' lang='lat' dir='ltr'><strong>obtusus,</strong></span> <span class='ocrx_word' id='word_1_20' title='bbox 481 559 605 643; x_wconf 75' lang='lat' dir='ltr'><strong>caligine</strong></span> <span class='ocrx_word' id='word_1_21' title='bbox 619 573 694 621; x_wconf 87' lang='lat' dir='ltr'><strong>tetra</strong></span> 
     </span>
    </p>

    <p class='ocr_par' dir='ltr' id='par_1_5' title="bbox 16 653 660 738">
     <span class='ocr_line' id='line_1_5' title="bbox 16 653 660 738; baseline -0.008 -20"><span class='ocrx_word' id='word_1_22' title='bbox 16 657 185 731; x_wconf 90' lang='lat' dir='ltr'><strong>luduitur,</strong></span> <span class='ocrx_word' id='word_1_23' title='bbox 200 675 257 716; x_wconf 87' lang='lat' dir='ltr'><strong>nec</strong></span> <span class='ocrx_word' id='word_1_24' title='bbox 269 653 328 714; x_wconf 79' lang='lat' dir='ltr'><strong>sert</strong></span> <span class='ocrx_word' id='word_1_25' title='bbox 338 653 446 714; x_wconf 78' lang='lat' dir='ltr'><strong>diviuae</strong></span> <span class='ocrx_word' id='word_1_26' title='bbox 457 654 573 738; x_wconf 79' lang='lat' dir='ltr'>fulgura</span> <span class='ocrx_word' id='word_1_27' title='bbox 585 654 660 716; x_wconf 87' lang='lat' dir='ltr'><strong>lucis</strong></span> 
     </span>
    </p>

    <p class='ocr_par' dir='ltr' id='par_1_6' title="bbox 17 745 847 829">
     <span class='ocr_line' id='line_1_6' title="bbox 17 745 847 829; baseline -0.008 -17"><span class='ocrx_word' id='word_1_28' title='bbox 17 751 144 812; x_wconf 82' lang='lat' dir='ltr'>Lumen</span> <span class='ocrx_word' id='word_1_29' title='bbox 158 750 240 810; x_wconf 86' lang='lat' dir='ltr'><strong>iners</strong></span> <span class='ocrx_word' id='word_1_30' title='bbox 254 772 261 808; x_wconf 71' lang='grc' dir='ltr'>ι</span> <span class='ocrx_word' id='word_1_31' title='bbox 275 747 346 809; x_wconf 91' lang='lat' dir='ltr'><strong>binc</strong></span> <span class='ocrx_word' id='word_1_32' title='bbox 358 747 515 808; x_wconf 84' lang='lat' dir='ltr'><strong>arbit-riom</strong></span> <span class='ocrx_word' id='word_1_33' title='bbox 527 769 582 829; x_wconf 90' lang='lat' dir='ltr'><strong>per</strong></span> <span class='ocrx_word' id='word_1_34' title='bbox 595 747 680 813; x_wconf 69' lang='lat' dir='ltr'><strong>deria</strong></span> <span class='ocrx_word' id='word_1_35' title='bbox 693 745 809 828; x_wconf 84' lang='lat' dir='ltr'><strong>lapsum</strong></span> <span class='ocrx_word' id='word_1_36' title='bbox 844 811 847 817; x_wconf 62' lang='grc'>,</span> 
     </span>
    </p>

    <p class='ocr_par' dir='ltr' id='par_1_7' title="bbox 19 835 728 928">
     <span class='ocr_line' id='line_1_7' title="bbox 19 835 728 928; baseline -0.007 -21"><span class='ocrx_word' id='word_1_37' title='bbox 19 844 205 919; x_wconf 85' lang='lat' dir='ltr'><strong>Claudicat,</strong></span> <span class='ocrx_word' id='word_1_38' title='bbox 220 855 250 903; x_wconf 86' lang='lat' dir='ltr'><strong>et</strong></span> <span class='ocrx_word' id='word_1_39' title='bbox 262 842 350 906; x_wconf 84' lang='lat' dir='ltr'><strong>coecis</strong></span> <span class='ocrx_word' id='word_1_40' title='bbox 363 835 539 905; x_wconf 87' lang='lat' dir='ltr'><strong>conatibus</strong></span> <span class='ocrx_word' id='word_1_41' title='bbox 531 863 622 923; x_wconf 87' lang='lat' dir='ltr'><strong>mque</strong></span> <span class='ocrx_word' id='word_1_42' title='bbox 633 843 728 928; x_wconf 82' lang='lat' dir='ltr'><strong>ligatis</strong></span> 
     </span>
    </p>

    <p class='ocr_par' dir='ltr' id='par_1_8' title="bbox 19 937 871 1032">
     <span class='ocr_line' id='line_1_8' title="bbox 19 937 871 1032; baseline 0.002 -38"><span class='ocrx_word' id='word_1_43' title='bbox 19 939 149 1000; x_wconf 77' lang='lat' dir='ltr'><strong>Motus</strong></span> <span class='ocrx_word' id='word_1_44' title='bbox 141 949 239 1012; x_wconf 68' lang='lat' dir='ltr'><strong>ruat,</strong></span> <span class='ocrx_word' id='word_1_45' title='bbox 254 957 317 1000; x_wconf 89' lang='lat' dir='ltr'><strong>non</strong></span> <span class='ocrx_word' id='word_1_46' title='bbox 331 937 518 1032; x_wconf 49' lang='lat' dir='ltr'><strong>errqabest.</strong></span> <span class='ocrx_word' id='word_1_47' title='bbox 533 937 639 1000; x_wconf 83' lang='lat' dir='ltr'><strong>Manet</strong></span> <span class='ocrx_word' id='word_1_48' title='bbox 653 959 723 1022; x_wconf 80' lang='lat' dir='ltr'><strong>ergo</strong></span> <span class='ocrx_word' id='word_1_49' title='bbox 736 937 871 999; x_wconf 89' lang='lat' dir='ltr'><strong>voluntas</strong></span> 
     </span>
    </p>

    <p class='ocr_par' dir='ltr' id='par_1_9' title="bbox 23 1031 851 1143">
     <span class='ocr_line' id='line_1_9' title="bbox 23 1031 851 1143; baseline -0.002 -51"><span class='ocrx_word' id='word_1_50' title='bbox 23 1032 158 1114; x_wconf 80' lang='lat' dir='ltr'>Semper</span> <span class='ocrx_word' id='word_1_51' title='bbox 169 1051 275 1092; x_wconf 86' lang='lat' dir='ltr'><strong>amaus</strong></span> <span class='ocrx_word' id='word_1_52' title='bbox 287 1031 401 1110; x_wconf 88' lang='lat' dir='ltr'><strong>aliquid</strong></span> <span class='ocrx_word' id='word_1_53' title='bbox 414 1052 473 1111; x_wconf 91' lang='lat' dir='ltr'><strong>quo</strong></span> <span class='ocrx_word' id='word_1_54' title='bbox 485 1053 516 1094; x_wconf 89' lang='lat' dir='ltr'><strong>se</strong></span> <span class='ocrx_word' id='word_1_55' title='bbox 529 1033 621 1108; x_wconf 81' lang='lat' dir='ltr'><strong>ferat,</strong></span> <span class='ocrx_word' id='word_1_56' title='bbox 638 1046 668 1095; x_wconf 89' lang='lat' dir='ltr'><strong>et</strong></span> <span class='ocrx_word' id='word_1_57' title='bbox 671 1032 851 1143; x_wconf 71' lang='lat' dir='ltr'><strong>labyrintho</strong></span> 
     </span>
    </p>

    <p class='ocr_par' dir='ltr' id='par_1_10' title="bbox 26 1125 778 1210">
     <span class='ocr_line' id='line_1_10' title="bbox 26 1125 778 1210; baseline -0.003 -22"><span class='ocrx_word' id='word_1_58' title='bbox 26 1126 157 1188; x_wconf 77' lang='lat' dir='ltr'>Fallitur</span> <span class='ocrx_word' id='word_1_59' title='bbox 167 1126 329 1209; x_wconf 83' lang='lat' dir='ltr'><strong>ambages</strong></span> <span class='ocrx_word' id='word_1_60' title='bbox 340 1125 519 1188; x_wconf 78' lang='lat' dir='ltr'><strong>dubiarum</strong></span> <span class='ocrx_word' id='word_1_61' title='bbox 510 1146 640 1210; x_wconf 79' lang='lat' dir='ltr'><strong>ingressa</strong></span> <span class='ocrx_word' id='word_1_62' title='bbox 651 1147 778 1188; x_wconf 78' lang='lat' dir='ltr'><strong>viarum</strong></span> 
     </span>
    </p>

    <p class='ocr_par' dir='ltr' id='par_1_11' title="bbox 28 1220 844 1301">
     <span class='ocr_line' id='line_1_11' title="bbox 28 1220 844 1301; baseline 0.002 -24"><span class='ocrx_word' id='word_1_63' title='bbox 28 1220 118 1280; x_wconf 83' lang='lat' dir='ltr'><strong>Vana</strong></span> <span class='ocrx_word' id='word_1_64' title='bbox 129 1221 231 1301; x_wconf 87' lang='lat' dir='ltr'><strong>cupit,</strong></span> <span class='ocrx_word' id='word_1_65' title='bbox 245 1221 329 1282; x_wconf 83' lang='lat' dir='ltr'><strong>vanis</strong></span> <span class='ocrx_word' id='word_1_66' title='bbox 338 1234 434 1280; x_wconf 87' lang='lat' dir='ltr'><strong>tumet</strong></span> <span class='ocrx_word' id='word_1_67' title='bbox 446 1233 477 1279; x_wconf 86' lang='lat' dir='ltr'><strong>et</strong></span> <span class='ocrx_word' id='word_1_68' title='bbox 489 1221 593 1294; x_wconf 89' lang='lat' dir='ltr'><strong>timet,</strong></span> <span class='ocrx_word' id='word_1_69' title='bbox 609 1221 844 1298; x_wconf 82' lang='lat' dir='ltr'>omnimodaque</span> 
     </span>
    </p>

    <p class='ocr_par' dir='ltr' id='par_1_12' title="bbox 24 1312 874 1485">
     <span class='ocr_line' id='line_1_12' title="bbox 24 1312 874 1397; baseline -0.004 -23"><span class='ocrx_word' id='word_1_70' title='bbox 24 1313 205 1374; x_wconf 85' lang='lat' dir='ltr'><strong>Mobilitate</strong></span> <span class='ocrx_word' id='word_1_71' title='bbox 216 1331 306 1374; x_wconf 83' lang='lat' dir='ltr'><strong>ruens</strong></span> <span class='ocrx_word' id='word_1_72' title='bbox 315 1313 350 1372; x_wconf 83' lang='lat' dir='ltr'><strong>in</strong></span> <span class='ocrx_word' id='word_1_73' title='bbox 361 1313 485 1374; x_wconf 87' lang='lat' dir='ltr'><strong>vulnera</strong></span> <span class='ocrx_word' id='word_1_74' title='bbox 498 1312 621 1374; x_wconf 85' lang='lat' dir='ltr'><strong>vulnere</strong></span> <span class='ocrx_word' id='word_1_75' title='bbox 634 1313 735 1397; x_wconf 82' lang='lat' dir='ltr'><strong>surgit.</strong></span> <span class='ocrx_word' id='word_1_76' title='bbox 872 1319 874 1324; x_wconf 88' lang='lat'>&#39;</span> 
     </span>
     <span class='ocr_line' id='line_1_13' title="bbox 68 1406 820 1485; baseline -0.001 -17"><span class='ocrx_word' id='word_1_77' title='bbox 68 1407 143 1470; x_wconf 87' lang='lat' dir='ltr'><strong>Hoc</strong></span> <span class='ocrx_word' id='word_1_78' title='bbox 152 1407 255 1485; x_wconf 84' lang='lat' dir='ltr'><strong>itaque</strong></span> <span class='ocrx_word' id='word_1_79' title='bbox 268 1406 427 1467; x_wconf 72' lang='lat' dir='ltr'><strong>arbitrium</strong></span> <span class='ocrx_word' id='word_1_80' title='bbox 440 1427 509 1468; x_wconf 91' lang='lat' dir='ltr'><strong>cum</strong></span> <span class='ocrx_word' id='word_1_81' title='bbox 520 1420 603 1467; x_wconf 84' lang='lat' dir='ltr'><strong>sanat</strong></span> <span class='ocrx_word' id='word_1_82' title='bbox 615 1407 739 1482; x_wconf 82' lang='lat' dir='ltr'><strong>Gratia,</strong></span> <span class='ocrx_word' id='word_1_83' title='bbox 754 1407 820 1468; x_wconf 82' lang='lat' dir='ltr'><strong>tottt</strong></span> 
     </span>
    </p>

    <p class='ocr_par' dir='ltr' id='par_1_13' title="bbox 22 1499 692 1582">
     <span class='ocr_line' id='line_1_14' title="bbox 22 1499 692 1582; baseline -0.001 -20"><span class='ocrx_word' id='word_1_84' title='bbox 22 1502 161 1576; x_wconf 81' lang='lat' dir='ltr'><strong>Dicitis,</strong></span> <span class='ocrx_word' id='word_1_85' title='bbox 176 1512 208 1560; x_wconf 89' lang='lat' dir='ltr'><strong>et</strong></span> <span class='ocrx_word' id='word_1_86' title='bbox 217 1499 327 1581; x_wconf 86' lang='lat' dir='ltr'><strong>perimi</strong></span> <span class='ocrx_word' id='word_1_87' title='bbox 341 1500 400 1560; x_wconf 83' lang='lat' dir='ltr'><strong>vita</strong></span> <span class='ocrx_word' id='word_1_88' title='bbox 412 1500 561 1580; x_wconf 82' lang='lat' dir='ltr'><strong>aspirante</strong></span> <span class='ocrx_word' id='word_1_89' title='bbox 575 1501 692 1582; x_wconf 87' lang='lat' dir='ltr'><strong>putatis.</strong></span> 
     </span>
    </p>

    <p class='ocr_par' dir='ltr' id='par_1_14' title="bbox 26 1593 801 1680">
     <span class='ocr_line' id='line_1_15' title="bbox 26 1593 801 1680; baseline 0 -22"><span class='ocrx_word' id='word_1_90' title='bbox 26 1595 116 1676; x_wconf 85' lang='lat' dir='ltr'><strong>Quid</strong></span> <span class='ocrx_word' id='word_1_91' title='bbox 130 1595 246 1656; x_wconf 86' lang='lat' dir='ltr'><strong>mirum</strong></span> <span class='ocrx_word' id='word_1_92' title='bbox 260 1593 365 1654; x_wconf 88' lang='lat' dir='ltr'><strong>rabido</strong></span> <span class='ocrx_word' id='word_1_93' title='bbox 379 1594 403 1653; x_wconf 87' lang='lat' dir='ltr'><strong>si</strong></span> <span class='ocrx_word' id='word_1_94' title='bbox 417 1595 507 1656; x_wconf 91' lang='lat' dir='ltr'><strong>corde</strong></span> <span class='ocrx_word' id='word_1_95' title='bbox 522 1594 713 1675; x_wconf 87' lang='lat' dir='ltr'><strong>phreneticus</strong></span> <span class='ocrx_word' id='word_1_96' title='bbox 724 1618 801 1680; x_wconf 79' lang='lat' dir='ltr'><strong>aeger</strong></span> 
     </span>
    </p>

    <p class='ocr_par' dir='ltr' id='par_1_15' title="bbox 26 1687 917 1774">
     <span class='ocr_line' id='line_1_16' title="bbox 26 1687 917 1774; baseline -0.002 -22"><span class='ocrx_word' id='word_1_97' title='bbox 26 1691 284 1764; x_wconf 85' lang='lat' dir='ltr'><strong>Morbumamat,</strong></span> <span class='ocrx_word' id='word_1_98' title='bbox 294 1687 574 1768; x_wconf 87' lang='lat' dir='ltr'><strong>etpellitmedicum</strong></span> <span class='ocrx_word' id='word_1_99' title='bbox 583 1691 597 1750; x_wconf 70' lang='grc' dir='ltr'>Ρ</span> <span class='ocrx_word' id='word_1_100' title='bbox 607 1687 917 1774; x_wconf 84' lang='lat' dir='ltr'><strong>Cognoscitetandem</strong></span> 
     </span>
    </p>

    <p class='ocr_par' dir='ltr' id='par_1_16' title="bbox 27 1780 768 1866">
     <span class='ocr_line' id='line_1_17' title="bbox 27 1780 768 1866; baseline -0.001 -21"><span class='ocrx_word' id='word_1_101' title='bbox 27 1785 159 1865; x_wconf 75' lang='lat' dir='ltr'><strong>Antiqui</strong></span> <span class='ocrx_word' id='word_1_102' title='bbox 172 1793 344 1846; x_wconf 80' lang='lat' dir='ltr'><strong>commenta</strong></span> <span class='ocrx_word' id='word_1_103' title='bbox 355 1780 438 1857; x_wconf 84' lang='lat' dir='ltr'><strong>doli,</strong></span> <span class='ocrx_word' id='word_1_104' title='bbox 454 1795 482 1842; x_wconf 89' lang='lat' dir='ltr'><strong>et</strong></span> <span class='ocrx_word' id='word_1_105' title='bbox 493 1783 656 1846; x_wconf 84' lang='lat' dir='ltr'><strong>desuescite</strong></span> <span class='ocrx_word' id='word_1_106' title='bbox 668 1797 768 1866; x_wconf 85' lang='lat' dir='ltr'><strong>captas</strong></span> 
     </span>
    </p>

    <p class='ocr_par' dir='ltr' id='par_1_17' title="bbox 27 1876 693 1959">
     <span class='ocr_line' id='line_1_18' title="bbox 27 1876 693 1959; baseline -0.003 -18"><span class='ocrx_word' id='word_1_107' title='bbox 27 1880 129 1941; x_wconf 78' lang='lat' dir='ltr'><strong>Aures</strong></span> <span class='ocrx_word' id='word_1_108' title='bbox 141 1879 268 1959; x_wconf 84' lang='lat' dir='ltr'><strong>vipereo</strong></span> <span class='ocrx_word' id='word_1_109' title='bbox 281 1895 400 1936; x_wconf 87' lang='lat' dir='ltr'><strong>rursum</strong></span> <span class='ocrx_word' id='word_1_110' title='bbox 411 1876 548 1957; x_wconf 82' lang='lat' dir='ltr'><strong>praebere</strong></span> <span class='ocrx_word' id='word_1_111' title='bbox 562 1899 693 1939; x_wconf 88' lang='lat' dir='ltr'><strong>susurro.</strong></span> 
     </span>
    </p>

    <p class='ocr_par' dir='ltr' id='par_1_18' title="bbox 34 1971 746 2052">
     <span class='ocr_line' id='line_1_19' title="bbox 34 1971 746 2052; baseline 0.001 -21"><span class='ocrx_word' id='word_1_112' title='bbox 34 1971 153 2036; x_wconf 82' lang='lat' dir='ltr'><strong>Parcite</strong></span> <span class='ocrx_word' id='word_1_113' title='bbox 168 1972 207 2032; x_wconf 91' lang='lat' dir='ltr'><strong>de</strong></span> <span class='ocrx_word' id='word_1_114' title='bbox 217 1971 335 2043; x_wconf 77' lang='lat' dir='ltr'><strong>tractis,</strong></span> <span class='ocrx_word' id='word_1_115' title='bbox 350 1989 537 2051; x_wconf 80' lang='lat' dir='ltr'><strong>praecerpere</strong></span> <span class='ocrx_word' id='word_1_116' title='bbox 551 1971 639 2032; x_wconf 88' lang='lat' dir='ltr'><strong>noxia</strong></span> <span class='ocrx_word' id='word_1_117' title='bbox 654 1992 746 2052; x_wconf 88' lang='lat' dir='ltr'><strong>poma</strong></span> 
     </span>
    </p>

    <p class='ocr_par' dir='ltr' id='par_1_19' title="bbox 36 2063 763 2140">
     <span class='ocr_line' id='line_1_20' title="bbox 36 2063 763 2140; baseline -0.004 -15"><span class='ocrx_word' id='word_1_118' title='bbox 36 2065 164 2126; x_wconf 81' lang='lat' dir='ltr'><strong>Arbitrii</strong></span> <span class='ocrx_word' id='word_1_119' title='bbox 179 2066 271 2126; x_wconf 87' lang='lat' dir='ltr'><strong>ramis</strong></span> <span class='ocrx_word' id='word_1_120' title='bbox 285 2089 292 2124; x_wconf 91' lang='lat'>:</span> <span class='ocrx_word' id='word_1_121' title='bbox 305 2083 368 2123; x_wconf 88' lang='lat' dir='ltr'><strong>uon</strong></span> <span class='ocrx_word' id='word_1_122' title='bbox 380 2063 444 2125; x_wconf 88' lang='lat' dir='ltr'><strong>baec</strong></span> <span class='ocrx_word' id='word_1_123' title='bbox 455 2083 508 2126; x_wconf 80' lang='lat' dir='ltr'><strong>vos</strong></span> <span class='ocrx_word' id='word_1_124' title='bbox 520 2085 586 2125; x_wconf 86' lang='lat' dir='ltr'><strong>esea</strong></span> <span class='ocrx_word' id='word_1_125' title='bbox 596 2065 763 2140; x_wconf 81' lang='lat' dir='ltr'><strong>reformat,</strong></span> 
     </span>
    </p>

    <p class='ocr_par' dir='ltr' id='par_1_20' title="bbox 34 2153 812 2242">
     <span class='ocr_line' id='line_1_21' title="bbox 34 2153 812 2242; baseline -0.003 -22"><span class='ocrx_word' id='word_1_126' title='bbox 34 2159 69 2220; x_wconf 92' lang='lat' dir='ltr'>N</span> <span class='ocrx_word' id='word_1_127' title='bbox 70 2181 108 2222; x_wconf 85' lang='lat' dir='ltr'><strong>ec</strong></span> <span class='ocrx_word' id='word_1_128' title='bbox 117 2159 253 2242; x_wconf 86' lang='lat' dir='ltr'><strong>speciem</strong></span> <span class='ocrx_word' id='word_1_129' title='bbox 265 2158 402 2242; x_wconf 83' lang='lat' dir='ltr'><strong>Angelici</strong></span> <span class='ocrx_word' id='word_1_130' title='bbox 413 2160 506 2219; x_wconf 88' lang='lat' dir='ltr'><strong>nutrit</strong></span> <span class='ocrx_word' id='word_1_131' title='bbox 518 2157 601 2217; x_wconf 89' lang='lat' dir='ltr'><strong>cibus</strong></span> <span class='ocrx_word' id='word_1_132' title='bbox 612 2153 664 2216; x_wconf 89' lang='lat' dir='ltr'><strong>ille</strong></span> <span class='ocrx_word' id='word_1_133' title='bbox 675 2158 792 2222; x_wconf 76' lang='lat' dir='ltr'><strong>decorIs</strong></span> <span class='ocrx_word' id='word_1_134' title='bbox 805 2183 812 2218; x_wconf 90' lang='lat'>:</span> 
     </span>
    </p>

    <p class='ocr_par' dir='ltr' id='par_1_21' title="bbox 27 2247 752 2316">
     <span class='ocr_line' id='line_1_22' title="bbox 27 2247 752 2316; baseline -0.004 -1"><span class='ocrx_word' id='word_1_135' title='bbox 27 2254 102 2315; x_wconf 84' lang='lat' dir='ltr'><strong>&#39;Sed</strong></span> <span class='ocrx_word' id='word_1_136' title='bbox 113 2255 276 2316; x_wconf 83' lang='lat' dir='ltr'><strong>vetitorum</strong></span> <span class='ocrx_word' id='word_1_137' title='bbox 289 2253 390 2310; x_wconf 82' lang='lat' dir='ltr'><strong>aridos</strong></span> <span class='ocrx_word' id='word_1_138' title='bbox 402 2263 432 2310; x_wconf 87' lang='lat' dir='ltr'><strong>et</strong></span> <span class='ocrx_word' id='word_1_139' title='bbox 444 2259 519 2310; x_wconf 89' lang='lat' dir='ltr'><strong>tetra</strong></span> <span class='ocrx_word' id='word_1_140' title='bbox 529 2247 591 2311; x_wconf 81' lang='lat' dir='ltr'><strong>bile</strong></span> <span class='ocrx_word' id='word_1_141' title='bbox 605 2263 752 2312; x_wconf 87' lang='lat' dir='ltr'><strong>tumentes</strong></span> 
     </span>
    </p>

    <p class='ocr_par' dir='ltr' id='par_1_22' title="bbox 37 2341 697 2428">
     <span class='ocr_line' id='line_1_23' title="bbox 37 2341 697 2428; baseline -0.005 -18"><span class='ocrx_word' id='word_1_142' title='bbox 37 2351 93 2410; x_wconf 86' lang='lat' dir='ltr'><strong>De</strong></span> <span class='ocrx_word' id='word_1_143' title='bbox 105 2349 239 2410; x_wconf 68' lang='lat' dir='ltr'><strong>fastidius</strong></span> <span class='ocrx_word' id='word_1_144' title='bbox 252 2347 359 2428; x_wconf 87' lang='lat' dir='ltr'><strong>procul</strong></span> <span class='ocrx_word' id='word_1_145' title='bbox 371 2345 482 2426; x_wconf 88' lang='lat' dir='ltr'><strong>abripit</strong></span> <span class='ocrx_word' id='word_1_146' title='bbox 492 2345 600 2420; x_wconf 85' lang='lat' dir='ltr'><strong>arbore</strong></span> <span class='ocrx_word' id='word_1_147' title='bbox 613 2341 678 2410; x_wconf 86' lang='lat' dir='ltr'><strong>vitae</strong></span> <span class='ocrx_word' id='word_1_148' title='bbox 691 2372 697 2407; x_wconf 91' lang='lat'>:</span> 
     </span>
    </p>

    <p class='ocr_par' dir='ltr' id='par_1_23' title="bbox 38 2441 868 2526">
     <span class='ocr_line' id='line_1_24' title="bbox 38 2441 868 2526; baseline -0.001 -23"><span class='ocrx_word' id='word_1_149' title='bbox 38 2442 142 2526; x_wconf 86' lang='lat' dir='ltr'><strong>Hujus</strong></span> <span class='ocrx_word' id='word_1_150' title='bbox 151 2461 210 2522; x_wconf 85' lang='lat' dir='ltr'><strong>ope</strong></span> <span class='ocrx_word' id='word_1_151' title='bbox 222 2454 251 2503; x_wconf 86' lang='lat' dir='ltr'><strong>et</strong></span> <span class='ocrx_word' id='word_1_152' title='bbox 263 2441 360 2503; x_wconf 79' lang='lat' dir='ltr'><strong>fructu</strong></span> <span class='ocrx_word' id='word_1_153' title='bbox 372 2441 550 2502; x_wconf 86' lang='lat' dir='ltr'><strong>vescendum</strong></span> <span class='ocrx_word' id='word_1_154' title='bbox 564 2455 626 2518; x_wconf 90' lang='lat' dir='ltr'><strong>est,</strong></span> <span class='ocrx_word' id='word_1_155' title='bbox 641 2456 673 2502; x_wconf 91' lang='lat' dir='ltr'><strong>ut</strong></span> <span class='ocrx_word' id='word_1_156' title='bbox 681 2441 868 2508; x_wconf 73' lang='lat' dir='ltr'><strong>&#39;revalescens</strong></span> 
     </span>
    </p>

    <p class='ocr_par' dir='ltr' id='par_1_24' title="bbox 38 2535 831 2620">
     <span class='ocr_line' id='line_1_25' title="bbox 38 2535 831 2620; baseline -0.003 -24"><span class='ocrx_word' id='word_1_157' title='bbox 38 2535 196 2620; x_wconf 80' lang='lat' dir='ltr'><strong>Languida</strong></span> <span class='ocrx_word' id='word_1_158' title='bbox 208 2555 312 2611; x_wconf 89' lang='lat' dir='ltr'><strong>mens,</strong></span> <span class='ocrx_word' id='word_1_159' title='bbox 327 2535 417 2596; x_wconf 90' lang='lat' dir='ltr'><strong>etiam</strong></span> <span class='ocrx_word' id='word_1_160' title='bbox 425 2536 564 2616; x_wconf 89' lang='lat' dir='ltr'><strong>propriis</strong></span> <span class='ocrx_word' id='word_1_161' title='bbox 573 2536 651 2598; x_wconf 89' lang='lat' dir='ltr'><strong>bene</strong></span> <span class='ocrx_word' id='word_1_162' title='bbox 666 2537 778 2598; x_wconf 89' lang='lat' dir='ltr'><strong>viribus</strong></span> <span class='ocrx_word' id='word_1_163' title='bbox 789 2537 831 2597; x_wconf 91' lang='lat' dir='ltr'><strong>uti</strong></span> 
     </span>
    </p>

    <p class='ocr_par' dir='ltr' id='par_1_25' title="bbox 37 2626 867 2808">
     <span class='ocr_line' id='line_1_26' title="bbox 37 2626 861 2712; baseline -0.01 -18"><span class='ocrx_word' id='word_1_164' title='bbox 37 2631 161 2706; x_wconf 84' lang='lat' dir='ltr'><strong>Possit,</strong></span> <span class='ocrx_word' id='word_1_165' title='bbox 174 2642 204 2690; x_wconf 81' lang='lat' dir='ltr'><strong>et</strong></span> <span class='ocrx_word' id='word_1_166' title='bbox 214 2631 246 2691; x_wconf 93' lang='lat' dir='ltr'><strong>iu</strong></span> <span class='ocrx_word' id='word_1_167' title='bbox 262 2626 384 2690; x_wconf 88' lang='lat' dir='ltr'><strong>Christo</strong></span> <span class='ocrx_word' id='word_1_168' title='bbox 397 2629 528 2690; x_wconf 88' lang='lat' dir='ltr'><strong>inveniat</strong></span> <span class='ocrx_word' id='word_1_169' title='bbox 540 2633 621 2710; x_wconf 89' lang='lat' dir='ltr'><strong>quod</strong></span> <span class='ocrx_word' id='word_1_170' title='bbox 635 2629 765 2712; x_wconf 87' lang='lat' dir='ltr'><strong>perdidit</strong></span> <span class='ocrx_word' id='word_1_171' title='bbox 776 2632 807 2689; x_wconf 91' lang='lat' dir='ltr'><strong>iu</strong></span> <span class='ocrx_word' id='word_1_172' title='bbox 821 2651 861 2689; x_wconf 89' lang='lat' dir='ltr'><strong>se.</strong></span> 
     </span>
     <span class='ocr_line' id='line_1_27' title="bbox 82 2724 867 2808; baseline -0.006 -20"><span class='ocrx_word' id='word_1_173' title='bbox 82 2727 160 2788; x_wconf 78' lang='lat' dir='ltr'><strong>Nou</strong></span> <span class='ocrx_word' id='word_1_174' title='bbox 176 2725 264 2808; x_wconf 83' lang='lat' dir='ltr'><strong>igitur</strong></span> <span class='ocrx_word' id='word_1_175' title='bbox 275 2724 407 2804; x_wconf 83' lang='lat' dir='ltr'><strong>quisquis</strong></span> <span class='ocrx_word' id='word_1_176' title='bbox 417 2725 528 2785; x_wconf 88' lang='lat' dir='ltr'><strong>terreni</strong></span> <span class='ocrx_word' id='word_1_177' title='bbox 542 2737 620 2788; x_wconf 81' lang='lat' dir='ltr'><strong>veste</strong></span> <span class='ocrx_word' id='word_1_178' title='bbox 633 2725 766 2805; x_wconf 87' lang='lat' dir='ltr'><strong>parentis</strong></span> <span class='ocrx_word' id='word_1_179' title='bbox 862 2743 867 2750; x_wconf 75' lang='grc'><strong>’</strong></span> 
     </span>
    </p>

    <p class='ocr_par' dir='ltr' id='par_1_26' title="bbox 36 2819 883 2929">
     <span class='ocr_line' id='line_1_28' title="bbox 36 2819 883 2929; baseline -0.006 -45"><span class='ocrx_word' id='word_1_180' title='bbox 36 2821 190 2928; x_wconf 70' lang='lat' dir='ltr'><strong>Exucris,</strong></span> <span class='ocrx_word' id='word_1_181' title='bbox 202 2821 336 2929; x_wconf 88' lang='lat' dir='ltr'><strong>priscum</strong></span> <span class='ocrx_word' id='word_1_182' title='bbox 348 2831 459 2879; x_wconf 86' lang='lat' dir='ltr'><strong>naturae</strong></span> <span class='ocrx_word' id='word_1_183' title='bbox 472 2819 573 2900; x_wconf 88' lang='lat' dir='ltr'><strong>perdis</strong></span> <span class='ocrx_word' id='word_1_184' title='bbox 583 2819 753 2895; x_wconf 88' lang='lat' dir='ltr'><strong>honorem,</strong></span> <span class='ocrx_word' id='word_1_185' title='bbox 881 2883 883 2888; x_wconf 68' lang='grc'>,</span> 
     </span>
    </p>

    <p class='ocr_par' dir='ltr' id='par_1_27' title="bbox 39 2913 844 2995">
     <span class='ocr_line' id='line_1_29' title="bbox 39 2913 844 2995; baseline -0.005 -17"><span class='ocrx_word' id='word_1_186' title='bbox 39 2916 108 2978; x_wconf 86' lang='lat' dir='ltr'><strong>Sed</strong></span> <span class='ocrx_word' id='word_1_187' title='bbox 125 2914 253 2995; x_wconf 88' lang='lat' dir='ltr'><strong>recipis:</strong></span> <span class='ocrx_word' id='word_1_188' title='bbox 246 2913 321 2976; x_wconf 84' lang='lat' dir='ltr'><strong>·Sic</strong></span> <span class='ocrx_word' id='word_1_189' title='bbox 333 2914 489 2993; x_wconf 87' lang='lat' dir='ltr'><strong>acquirens</strong></span> <span class='ocrx_word' id='word_1_190' title='bbox 502 2913 610 2993; x_wconf 86' lang='lat' dir='ltr'><strong>quibus</strong></span> <span class='ocrx_word' id='word_1_191' title='bbox 623 2928 690 2976; x_wconf 89' lang='lat' dir='ltr'><strong>ante</strong></span> <span class='ocrx_word' id='word_1_192' title='bbox 704 2914 844 2990; x_wconf 87' lang='lat' dir='ltr'><strong>carebas,</strong></span> 
     </span>
    </p>

    <p class='ocr_par' dir='ltr' id='par_1_28' title="bbox 43 3007 650 3086">
     <span class='ocr_line' id='line_1_30' title="bbox 43 3007 650 3086; baseline 0.002 -17"><span class='ocrx_word' id='word_1_193' title='bbox 43 3010 92 3070; x_wconf 86' lang='lat' dir='ltr'><strong>Ut</strong></span> <span class='ocrx_word' id='word_1_194' title='bbox 105 3021 155 3069; x_wconf 87' lang='lat' dir='ltr'><strong>tua</strong></span> <span class='ocrx_word' id='word_1_195' title='bbox 169 3009 228 3068; x_wconf 91' lang='lat' dir='ltr'><strong>siut</strong></span> <span class='ocrx_word' id='word_1_196' title='bbox 237 3029 262 3069; x_wconf 86' lang='lat' dir='ltr'><strong>sr</strong></span> <span class='ocrx_word' id='word_1_197' title='bbox 253 3007 391 3072; x_wconf 88' lang='lat' dir='ltr'><strong>collatis</strong></span> <span class='ocrx_word' id='word_1_198' title='bbox 403 3021 485 3070; x_wconf 86' lang='lat' dir='ltr'><strong>utare</strong></span> <span class='ocrx_word' id='word_1_199' title='bbox 499 3009 650 3086; x_wconf 90' lang='lat' dir='ltr'><strong>modeste,</strong></span> 
     </span>
    </p>
   </div>
   <div class='ocr_carea' id='block_1_3' title="bbox 43 3102 890 3255">
    <p class='ocr_par' dir='ltr' id='par_1_29' title="bbox 43 3102 890 3254">
     <span class='ocr_line' id='line_1_31' title="bbox 43 3102 849 3186; baseline -0.003 -20"><span class='ocrx_word' id='word_1_200' title='bbox 43 3102 88 3166; x_wconf 69' lang='lat' dir='ltr'><strong>Es</strong></span> <span class='ocrx_word' id='word_1_201' title='bbox 100 3103 184 3182; x_wconf 88' lang='lat' dir='ltr'><strong>quod</strong></span> <span class='ocrx_word' id='word_1_202' title='bbox 193 3103 303 3180; x_wconf 87' lang='lat' dir='ltr'><strong>babes,</strong></span> <span class='ocrx_word' id='word_1_203' title='bbox 318 3102 377 3165; x_wconf 91' lang='lat' dir='ltr'><strong>boc</strong></span> <span class='ocrx_word' id='word_1_204' title='bbox 386 3115 417 3165; x_wconf 89' lang='lat' dir='ltr'><strong>te</strong></span> <span class='ocrx_word' id='word_1_205' title='bbox 431 3115 587 3186; x_wconf 88' lang='lat' dir='ltr'><strong>acceptum</strong></span> <span class='ocrx_word' id='word_1_206' title='bbox 598 3103 716 3167; x_wconf 82' lang='lat' dir='ltr'><strong>fatearis</strong></span> <span class='ocrx_word' id='word_1_207' title='bbox 728 3103 849 3164; x_wconf 90' lang='lat' dir='ltr'><strong>babere</strong></span> 
     </span>
     <span class='ocr_line' id='line_1_32' title="bbox 750 3217 890 3255; baseline 0 -1"><span class='ocrx_word' id='word_1_208' title='bbox 750 3217 799 3255; x_wconf 82' lang='lat'><strong>22</strong></span> <span class='ocrx_word' id='word_1_209' title='bbox 889 3217 890 3222; x_wconf 72' lang='grc'>’</span> 
     </span>
    </p>
   </div>
   <div class='ocr_carea' id='block_1_4' title="bbox 0 0 1076 3846">
    <p class='ocr_par' dir='ltr' id='par_1_30' title="bbox 0 0 1076 3846">
     <span class='ocr_line' id='line_1_33' title="bbox 0 0 1076 3846; baseline 0 0"><span class='ocrx_word' id='word_1_210' title='bbox 0 0 1076 3846; x_wconf 95' lang='lat' dir='ltr'><strong> </strong></span> 
     </span>
    </p>
   </div>
  </div>
 </body>
</html>
