2172 3862
155 313 217 389 456
427 305 763 379 nnnuonrrr
932 316 1029 390 etit

156 419 294 482 Credidit
303 418 476 494 Abraham,
492 419 689 500 Dominoque
701 434 744 482 est
758 422 854 484 iaetus
867 425 987 486 amiens.
1076 429 1077 510 l

158 511 322 575 Confectus
334 515 600 590 senio‚rnembris
613 515 817 577 marcentibus
826 537 915 590 aevo,
1076 521 1077 566 t

155 606 238 666 luter
251 627 322 667 avos
337 651 346 680 ‚
362 621 520 687 atavosque
534 608 607 684 luit,
623 610 675 669 sed
687 608 782 690 prolis
791 627 921 692 egenus,
1076 669 1077 676 ,

156 704 170 776 (
186 698 276 760 Haud
289 700 411 762 soboles
425 700 533 762 lamuel
546 715 609 762 erat
621 708 634 778 )
647 702 813 781 frustraque
828 705 955 768 maritus
1076 719 1077 746 ¹

158 787 264 853 Officii
277 794 421 874 genitoris
434 795 532 866 inerat
551 794 666 878 algente
675 815 787 876 vapore

58 890 61 894 ’
158 883 315 945 Germinis
326 887 483 948 exstinctus
493 885 602 950 cecidit
615 888 793 971 genitalibus
805 890 897 972 ignis,

157 975 197 1038 Et
208 978 467 1054 secundusomne,
491 1003 583 1058 quern
596 985 658 1064 jam
675 983 853 1043 subduxerat
866 995 946 1044 retas.

156 1071 223 1134 Nec
236 1072 314 1132 solus
325 1073 440 1136 steriles
453 1074 601 1136 retinebat
622 1076 879 1156 marcidus-‚artus

162 1164 291 1225 Femina
301 1166 432 1226 deterius
445 1179 629 1245 praemortua
641 1169 779 1228 membra
800 1169 951 1231 trahebatr

160 1255 237 1339 Spes
249 1261 366 1341 generis
377 1259 528 1333 recidens,
543 1273 571 1320 et
582 1261 628 1322 vis
639 1273 774 1322 materna
785 1276 925 1342 peracta.

160 1352 295 1433 Augebat
305 1372 391 1432 spem
403 1351 467 1412 sola
480 1353 570 1426 fides,
581 1355 776 1435 praesumptio
788 1355 929 1436 simplex.

165 1444 287 1526 Frigida
300 1446 478 1528 progeniem
491 1445 612 1507 senibus
622 1460 727 1507 natura
740 1461 871 1531 negarat.

166 1537 285 1598 Flebile
299 1539 603 1621 conjugii-portabant
614 1541 841 1617 numenium,

167 1629 243 1709 Spes
253 1643 367 1690 tantum
381 1634 519 1711 juvenilis
529 1645 613 1705 erat,
627 1635 828 1696 crescentibus
842 1635 941 1695 annu·
982 1677 988 1685 -

50 1789 57 1795 ,
167 1721 272 1806 Adfuit
283 1722 329 1782 his
343 1724 464 1803 prolem
478 1728 631 1806 spondens
644 1747 711 1788 eum
723 1739 811 1810 gente
827 1737 986 1809 nepotum.

169 1813 243 1876 Non
255 1815 311 1876 hos
321 1829 403 1877 certa
416 1819 507 1894 fides,
521 1823 577 1881 nec
589 1840 657 1900 spes
667 1820 781 1880 incerta
791 1819 909 1898 lelellit

107 1968 109 1972 .
171 1909 334 1970 Fecundus
348 1930 403 1990 per
416 1913 554 1972 membra
568 1933 663 1993 vapor
674 1913 812 1974 discurrit
824 1913 964 1993 utrique,

167 2001 298 2063 Dulcior
314 2016 342 2064 et
349 2005 453 2086 gelidis
466 2006 588 2086 irrepsit
600 2003 724 2072 flamma
738 2003 899 2081 medullis,

167 2093 378 2175 Miranturque
391 2117 477 2158 senos
489 2098 623 2160 redivivo
635 2098 742 2158 fomite
764 2115 854 2158 venas

166 2187 204 2248 ln
214 2189 351 2270 sobolem
361 2190 486 2251 caluisse
499 2211 582 2251 snas:
598 2192 747 2250 animatus
757 2190 877 2250 anhelat

167 2281 250 2341 lnter
264 2283 402 2342 membra
413 2303 488 2362 puer
499 2279 825 2363 vinctus'compagibus
834 2283 934 2343 aretis.

170 2373 344 2436 intumuere
356 2376 438 2435 sinus
453 2376 532 2457 rugis
544 2372 739 2454 pereuntibus
750 2373 829 2450 alvi,

170 2466 256 2527 Dum
269 2480 384 2527 tantum
399 2469 437 2528 sit
448 2481 628 2528 materanos
641 2467 774 2546 paritura
787 2463 989 2547 prophetam:

168 2559 209 2620 Et
221 2559 344 2634 sterilis,
359 2559 607 2640 fecunda‘purens
620 2559 762 2634 miratur,
777 2571 808 2620 et
821 2559 934 2635 haret,

177 2652 230 2718 Sic
243 2666 363 2715 uterum
377 2653 504 2714 crevisse
517 2673 621 2730 soum,
634 2667 811 2738 tenerasque
820 2651 937 2734 puellas

175 2749 335 2823 Consulit,
345 2760 376 2809 et
389 2747 553 2830 trepidans
560 2759 701 2827 tanquam
714 2764 792 2808 nova
804 2760 898 2827 nupta
906 2745 1037 2826 requirit,

178 2841 266 2923 Saepe
278 2844 463 2906 verecundos
477 2841 590 2904 faciunt
602 2859 681 2903 nova
692 2841 797 2924 gaudia
810 2840 928 2914 vultus,

168 2931 296 2995 Fructus
307 2935 469 3009 honestatis
481 2937 564 2996 datus
577 2948 621 2997 est
635 2937 673 2997 de
686 2947 791 2997 rentre
805 2933 943 3015 pudoris.

117 3106 129 3116 Χ
175 3024 226 3088 Sic
238 3025 308 3088 licet
321 3031 408 3091 unius
420 3031 538 3114 genitor
552 3043 620 3110 poet
638 3029 716 3092 secla
728 3025 839 3103 creati,

176 3117 340 3193 Gentibus,
355 3134 385 3180 et
399 3123 520 3204 populis
532 3135 633 3183 tamen
648 3135 693 3184 est
707 3134 792 3204 pater
806 3139 881 3181 uuus
893 3119 987 3201 origo.
