2198 3844
50 363 144 445 v..t7.
281 372 738 430 elenen-enscnnne.
904 367 954 453 ὅς4

53 465 234 546 AEqnoreas
245 464 367 525 intravit
376 485 482 545 aquas;
500 463 727 548 Dominnmqne
741 483 906 552 sequentes

53 557 229 640 Discipuli,
244 558 363 640 placido
377 558 527 620 librabant
540 561 660 620 carbasa
673 576 778 642 ponto.

55 653 124 711 dam
139 651 254 732 procul
267 672 284 711 a
297 651 491 712 terristuerat
504 653 588 728 ratis,
604 665 726 734 actaque
738 655 839 718 [labris

58 741 199 806 Sulcabat
211 745 347 804 medinm
361 745 470 825 puppis
483 764 586 806 secura
599 748 782 827 profundum
795 794 804 826 ,

59 835 135 898 Cum
148 838 252 898 subito
264 837 326 897 sera
339 838 430 919 surgit
440 838 554 912 biems,
568 838 744 921 pelagusque
756 843 905 923 procellis·

60 927 214 1004 Vertitur,
229 943 259 988 et
270 929 416 1010 trepidam
430 931 564 1008 quatiunt
576 933 650 993 vada
661 932 735 994 salsa
747 935 890 996 carinam.

59 1020 233 1085 Percnlerat
245 1022 375 1084 formido
390 1023 522 1098 animos,
537 1045 658 1103 seseque
672 1027 815 1106 putabant

55 1114 212 1200 Naufraga
223 1116 349 1176 littoreis
361 1117 425 1198 jam
434 1119 555 1184 tendere
569 1117 689 1180 brachia
702 1121 785 1196 saxis.

56 1207 121 1289 lpse
135 1223 238 1269 antem
252 1208 402 1289 placidum
415 1210 555 1290 carpebat
568 1223 689 1289 pectore
702 1232 870 1288 somnum,⁴

59 1299 215 1383 Maiestate
230 1301 316 1383 vigil,
331 1303 400 1381 qnia
413 1323 475 1363 nou
488 1302 629 1361 dormitat
640 1303 672 1361 in
684 1323 796 1379 aevum,
893 1291 897 1300 ⁸

58 1390 119 1472 Qui
133 1395 209 1477 regit
218 1393 328 1470 lsrael,
343 1415 439 1474 neque
453 1414 576 1474 prorsus
590 1395 874 1476 dormiet-unquam.

53 1483 132 1569 Ergo
146 1487 200 1548 nbi
213 1487 297 1568 pulsa
310 1488 415 1566 quies,
430 1487 542 1548 cunetis
554 1486 748 1548 clamantibus
762 1510 822 1550 nna

55 1576 138 1640 Voce
151 1579 263 1654 simol,
277 1577 425 1640 Miserere
438 1581 529 1655 citus,
545 1578 706 1657 miserere,
718 1583 871 1662 perimus,

54 1670 174 1732 Auxilio
188 1672 411 1753 succurrepio:
426 1673 468 1732 nil
483 1686 550 1733 vota
563 1686 712 1748 moratus,

54 1761 221 1847 Exsurgens
232 1764 405 1838 Dominus,
419 1764 524 1826 validis
538 1766 693 1846 mitescere
706 1768 801 1828 ventis
857 1841 865 1850 ⁸

54 1854 205 1939 lmperat',
221 1871 251 1918 et
262 1858 341 1919 dieto
355 1858 442 1919 citius
456 1859 567 1919 tumida
578 1881 697 1939 aeqnora
711 1860 817 1948 plapat.

54 1948 125 2011 Non
140 1965 203 2012 erat
216 1950 267 2010 illa
279 1951 335 2011 feri
349 1972 463 2033 pugnax
475 1952 595 2018 audacia
608 1953 714 2032 ponti,

54 2042 88 2103 ln
103 2044 275 2108 Dominum
289 2045 416 2106 tumidas
426 2067 491 2123 qnae
505 2065 622 2126 surgere
638 2058 755 2126 cogeret
768 2033 878 2121 undas,

56 2135 119 2199 Nee
131 2137 294 2198 metuenda
305 2148 402 2210 truces
414 2137 564 2218 agitabant
575 2135 696 2198 flamina
705 2138 799 2208 vires;

56 2228 110 2290 Sed
121 2230 225 2291 laetum
237 2229 372 2290 exsiliens
385 2227 505 2294 Christo
519 2249 602 2292 mare
614 2273 628 2304 ‚.
636 2229 783 2310 compulit
794 2231 890 2292 imum
987 2305 990 2316 ³

56 2321 209 2402 Obsequio
221 2321 474 2397 ferveresretum,
488 2321 653 2402 rapidoque
665 2321 766 2382 rotatu

52 2411 217 2476 Moverunt
231 2416 329 2476 avidas
341 2403 498 2476 ventorum
509 2415 613 2498 gandia
623 2435 746 2494 pennas.

88 2507 210 2569 Interea
221 2508 342 2590 placido
355 2519 534 2568 transvectus
545 2526 695 2566 marmore
707 2551 716 2583 ,
730 2507 864 2588 puppim·
903 2505 906 2520 ⁹

56 2597 212 2680 liquerat,
229 2615 258 2662 et
272 2601 387 2661 medios
400 2600 539 2661 lustrabat
551 2601 684 2680 passibus
696 2620 797 2682 agr0s;

56 2689 130 2753 Cum
143 2693 252 2775 procul
266 2715 282 2755 e
294 2693 419 2758 tumulis
427 2693 548 2774 gemino
562 2693 688 2752 stridore
704 2704 822 2752 ruentes

57 2781 225 2847 Prosiluere
239 2787 313 2860 viri,
326 2806 400 2866 quos
412 2805 473 2845 non
486 2785 566 2844 mala
576 2785 711 2844 daemone
722 2803 836 2863 pauco,
941 2776 944 2786 ’

54 2875 107 2938 Sed
120 2880 200 2962 legio
214 2881 334 2942 vexabat
347 2892 447 2953 atrox,
461 2898 595 2958 nexuque
606 2889 736 2939 cruento.

54 2967 130 3032 Saera
143 2974 285 3034 catenatis
300 2971 450 3054 gestabant
463 2969 560 3032 vincla
573 2971 697 3031 lacertis.

52 3063 182 3148 Angebat
192 3085 310 3146 quoqne
325 3079 411 3145 poena
424 3062 547 3143 duplex,
564 3061 634 3122 lleu
649 3064 712 3122 dira
726 3063 846 3146 luroris¹

54 3151 209 3220 Conditio!
225 3159 276 3242 qui
289 3157 350 3222 rim
362 3157 491 3240 patitur,
509 3157 599 3242 magis
612 3155 662 3216 ille
674 3157 795 3246 ligatur..
812 3189 815 3192 ·
