2106 3846
182 311 243 376 238
445 321 479 370 n.
513 319 799 375 unosrunr
936 335 1005 393 cip.

180 416 241 478 Sed
253 434 323 477 cum
337 411 419 472 mille
434 409 549 472 Senum
562 415 855 499 prudentiupervigil
867 415 933 477 olim
946 462 953 490 ,

180 508 375 590 Perspectuul
389 517 553 584 notumque
566 521 688 584 tenens,
703 511 782 588 quod
795 523 857 570 tots
870 511 978 571 nefande

178 603 339 664 Haereseus
349 619 466 660 summa
479 601 580 682 exigua
593 603 647 663 sub
661 616 745 684 parte
756 617 885 686 tegatur,

176 696 226 757 De
240 717 298 775 qua
310 695 402 776 plenu
413 694 485 754 mali
499 694 580 756 laites
590 710 762 771 renovetur,
777 711 805 757 et
816 719 905 759 omne

179 790 355 852 Commenti
368 809 477 870 corpus
487 789 664 872 persingula
678 791 815 852 membra
827 803 958 876 resurgat:

177 885 323 963 Antiquns
334 882 526 943 adhibentem
541 896 617 944 artes
630 885 768 966 rejecerit
779 885 896 947 hostem
911 931 919 962 ,

177 975 397 1056 Limitibusque
409 975 469 1036 suis
480 977 595 1037 steterit
607 997 732 1039 censura
745 978 871 1039 salubris
884 1001 890 1038 ε
935 993 937 1000 ’

178 1071 208 1132 Ν
214 1071 327 1152 nuquid
340 1091 402 1131 non
414 1071 506 1152 justus
518 1071 630 1151 poterit
644 1071 732 1132 dulor
746 1071 847 1132 abdita
858 1071 948 1134 c'ordis

177 1164 350 1246 Rumpere,
365 1163 436 1224 etin
449 1161 661 1222 talesmiseros
675 1163 770 1224 eircire
783 1163 916 1242 querelas

176 1258 222 1320 Ut
236 1260 334 1321 dicant
348 1281 355 1317 ε
370 1255 521 1336 Quaenam
535 1255 609 1330 ista,
632 1251 754 1330 Patres,
772 1256 804 1315 in
818 1249 1011 1318 cordibusaluis

175 1353 198 1413 J
201 1353 300 1414 ustitia
306 1353 373 1412 cst?
387 1369 446 1430 quo
460 1349 520 1410 line
533 1367 653 1430 graves,
669 1369 728 1429 quo
742 1348 802 1408 fine
815 1349 909 1411 severi

176 1445 326 1506 Claudere
339 1456 485 1503 terramm
499 1442 587 1502 uobis
599 1441 756 1522 persistitis
767 1442 875 1503 orbem
887 1445 900 1504 Ρ

174 1539 281 1600 Nosne
294 1557 394 1597 sumus
404 1548 470 1595 toto
483 1536 616 1610 mundo,
631 1555 761 1614 quorum
774 1537 906 1616 undique
918 1534 982 1598 rubis

176 1630 222 1691 Sit
234 1641 367 1710 suspecta
379 1628 452 1688 fides
461 1627 476 1687 i
487 1633 631 1706 quosnu'n
644 1629 773 1689 tolerare
780 1632 911 1708 queatis,

176 1723 209 1784 Si
221 1734 322 1783 nostra
334 1741 351 1781 s
365 1733 462 1780 vestro
474 1719 523 1779 vel
536 1719 648 1803 syllaba
662 1720 794 1781 dissonet
804 1741 860 1782 ore
876 1723 892 1782 i*

175 1817 250 1878 Non
262 1815 359 1876 verbis
372 1817 433 1896 jam
446 1833 502 1873 nus
514 1813 731 1894 argumentisve
744 1827 884 1887 tuemur:

175 1911 197 1970 J
199 1910 331 1972 udicium
343 1906 480 1988 exemplo
494 1906 639 1987 petimus·
649 1903 745 1986 Quod
754 1927 829 1988 pace
842 1917 968 1967 manente

174 2004 286 2065 Libera
301 2000 464 2063 multorum
476 2019 532 2076 vex
545 1999 664 2074 astruit,
678 1999 737 2062 hoc
748 2000 812 2060 siue
825 2001 908 2062 bellu

179 2097 312 2172 Cedntur
323 2095 421 2157 nobis.
435 2093 465 2154 N
469 2113 508 2152 ou
516 2105 617 2154 nostra
626 2093 746 2154 inventa
755 2093 912 2168 fovemus,

175 2189 363 2272 Necprimis
377 2188 479 2250 studiis
490 2187 671 2247 insistimus:
688 2185 770 2248 Ecce
782 2187 913 2248 recisum
925 2195 961 2246 est

176 2284 269 2344 Unde
283 2283 358 2342 olim
370 2295 522 2343 certamen
535 2293 619 2353 erat,
633 2281 795 2360 vestrisque
806 2281 918 2342 reversi

181 2375 347 2447 Cedimus‚
361 2387 391 2433 et
404 2395 587 2455 quecunque
600 2373 660 2435 illis
672 2374 824 2455 placuere,
839 2373 991 2456 probamus.

178 2467 262 2544 Quid
276 2478 409 2546 superest
420 2465 535 2546 culpae,
550 2487 610 2546 quo
624 2482 679 2528 nus
691 2468 777 2530 decet
789 2487 883 2548 usque
898 2458 998 2544 repelli?

177 2557 211 2620 Si
222 2577 294 2620 vero
306 2559 370 2621 haec
381 2558 472 2618 etism
483 2579 548 2637 quae
562 2579 618 2619 uos
630 2561 680 2641 piu
693 2561 848 2636 ducimus,
861 2561 959 2621 absunt

177 2654 205 2714 A
219 2651 314 2728 veris,
330 2659 359 2713 et
368 2663 465 2712 vestra
477 2648 537 2711 illis
550 2653 627 2712 bene
640 2644 710 2714 cura
723 2665 888 2738 repugnat:

177 2744 243 2809 Cur
256 2759 334 2809 extra
345 2745 508 2820 invidiam,
525 2765 703 2826 poenamque
717 2745 827 2808 erroris
840 2745 975 2805 habentur

178 2837 242 2920 Qui
255 2841 394 2900 damnata
407 2841 534 2914 docent,
549 2851 579 2898 et
591 2859 647 2920 per
659 2839 738 2901 clara
751 2837 866 2920 oppida
874 2836 929 2898 tuti

178 2931 238 2992 His
251 2951 374 3015 magnos
386 2932 514 3014 impleut
526 2932 673 3012 populos,
688 2955 754 3013 quse
768 2923 822 2992 no's
835 2929 1002 3012 pertritum

178 3021 353 3100 Plectimur‚
368 3039 397 3085 et
410 3025 492 3086 nullu
505 3025 633 3085 sinimur
645 3028 805 3088 consistere
818 3023 925 3085 terras

219 3112 297 3181 llaec
311 3118 344 3179 in
357 3116 539 3182 Pontificum
551 3132 653 3182 sancto
667 3121 951 3202 depromptasenatn
977 3143 982 3152 ·
