2126 3848
188 313 269 376 320·
417 295 597 380 tuurours'
620 325 858 382 roosrotrom
955 339 977 375 v.
991 339 1031 400 107

189 417 397 498 Comprobttt
412 429 584 499 oqnanturn
593 417 840 478 distanthumana
850 420 981 499 superuis

186 509 339 586 dediciis,
353 512 438 592 parri
452 512 561 573 merito
575 511 794 572 transcenditur
805 510 861 572 ille

187 601 290 665 Laude
301 604 480 680 hominum,
494 605 545 684 qui
558 606 651 688 justus
661 617 739 674 eretz
754 605 897 665 duodena
907 605 1026 688 refulgent

187 693 280 780 Signa
288 698 373 759 chori
387 699 647 781 ,terrisqnejnbar
657 696 800 778 jaculatur
810 697 943 781 olympi·

189 789 266 853 Haec
277 812 397 872 quoque
408 792 457 852 lux
468 791 570 872 operis
584 790 658 872 quid
671 789 808 872 praeierat
819 792 912 852 edere
921 809 1032 876 pangam.

189 883 342 963 Quattuor
354 897 399 946 est
410 884 539 946 laterum
550 883 840 965 discretus‘partibus
854 884 940 946 orbis

186 975 367 1040 Tritialidee
379 978 569 1058 venatuum,
582 997 643 1058 quo
656 977 781 1038 nomine
794 977 883 1038 fonte
897 977 994 1038 taum

190 1071 342 1151 Quattuor
350 1091 420 1155 ergo
432 1070 523 1132 simul
532 1081 700 1152 repetentes
708 1082 771 1144 ter,
781 1082 941 1152 computat
950 1087 1034 1132 omen

191 1163 296 1245 Quam
309 1165 508 1226 duodenarius
517 1162 700 1226 circumtulit
712 1164 788 1224 ordo
801 1163 942 1246 figuram.

190 1257 415 1341 Discipulisque
429 1258 487 1340 piis
500 1299 509 1333 ‚
522 1257 630 1338 quibos
640 1257 700 1320 hoe
709 1256 865 1338 baptisma
875 1258 998 1341 jubetur,

191 1350 321 1436 Mystico
333 1371 419 1415 causa
430 1350 513 1412 dedit
523 1370 684 1412 numerum
698 1369 833 1412 recreare
847 1351 985 1432 priorem.

154 1447 155 1452 ’
234 1442 366 1525 Spiritus
376 1446 503 1506 aetherea
515 1444 828 1508 descendenssanctus
840 1445 882 1504 ab
892 1444 955 1505 aula

191 1535 319 1599 irradiat
330 1539 445 1622 fulgore
458 1539 576 1610 locum}
589 1559 650 1618 quo
663 1549 790 1600 stemma
801 1538 928 1602 beatum

192 1630 336 1693 Ecclesia
349 1633 497 1694 nascentis
510 1644 591 1708 erat,
604 1632 711 1711 quibus
723 1631 790 1714 igne
803 1632 946 1716 magistro

191 1723 306 1785 lmbuit
317 1743 372 1785 ora
384 1724 484 1800 calor,
498 1725 644 1804 dictisque
655 1723 818 1786 fluentibus¹
827 1728 890 1787 exit
920 1805 924 1814 ι

191 1816 376 1902 linguarum
389 1817 538 1900 populosa
545 1839 647 1900 ,segem
664 1837 726 1878 uon
737 1817 834 1878 littera
846 1819 934 1903 gessit

191 1909 359 1988 Officium,
374 1933 438 1973 non
448 1911 561 1993 ingenii
572 1910 740 1972 stillavitab
755 1930 808 1978 ore

161 2011 165 2016 ’
191 2005 298 2082 Vena,
314 2027 370 2070 nec
382 2005 513 2090 egregias
525 2006 651 2088 signarit
661 2025 729 2068 cera
739 2004 894 2085 loquelas,

192 2097 265 2161 Sola
278 2102 334 2161 luit
343 2101 479 2164 doctrina
488 2100 564 2160 {ides
574 2099 775 2180 opulentaque
787 2101 876 2164 verbi

191 2191 336 2254 Materies
347 2193 464 2256 coeleste
477 2194 578 2254 datum
589 2214 597 2264 3
612 2213 691 2256 nova
703 2193 784 2254 vocis
796 2194 883 2278 origo

192 2287 271 2368 Quae
284 2309 447 2370 numerosa¹
457 2287 553 2363 venit,
568 2300 691 2367 totoque
701 2308 736 2348 ex
748 2285 822 2349 orbe
835 2288 949 2350 disertis

191 2378 309 2442 Sufficit
322 2400 380 2440 uua
391 2381 494 2458 toqui;
510 2382 622 2442 dudum
637 2393 718 2442 vetus
730 2382 860 2461 aequoris
874 2401 938 2444 aret
1027 2417 1028 2427 ἢ

174 2471 272 2536 -Curn
285 2485 449 2554 superasset
460 2492 567 2551 aquas,
582 2475 689 2536 turrim
703 2474 825 2536 voluere
836 2472 953 2557 maligui
1026 2501 1027 2511 ¹

190 2566 227 2626 ln
241 2565 349 2629 coelom
362 2563 612 2645 ptolemeum,
627 2568 734 2647 quibus
746 2568 843 2650 impia
856 2568 942 2632 cordt
1025 2571 1026 2597 ¹

194 2658 380 2722 Sermonum
392 2677 515 2720 secuere
529 2663 657 2738 modos,
670 2661 816 2742 sociisque
824 2659 954 2744 superbis
1024 2639 1025 2684 t

191 2753 326 2820 Affectus
339 2773 409 2816 curn
425 2772 498 2815 voce
511 2754 611 2833 perit;
627 2754 764 2830 conlusio
774 2755 883 2838 linguas

189 2846 353 2910 Consimili
363 2860 434 2908 tunc
446 2859 532 2929 gente
546 2847 602 2908 suit
613 2891 622 2922 ‚
634 2869 715 2914 nuuc
728 2849 863 2931 pluribus
872 2865 926 2910 uua
944 2853 977 2903 etl

186 2939 331 3003 Ecclesiae
343 2941 487 3019 quoniam
501 2940 645 3002 venientis
657 2943 787 3024 imagine
797 2944 904 3026 gaudet
1009 2952 1013 2979 ²

187 3033 363 3097 Concordes
375 3033 512 3095 habitura
524 3054 633 3110 sonos,
649 3049 680 3096 et
691 3056 765 3118 pace
778 3035 917 3098 modestis

184 3125 236 3189 Fit
246 3127 372 3191 secunda
383 3127 489 3204 redux,
502 3127 683 3218 humilisque
696 3127 843 3228 recolligit
854 3129 925 3190 ordo
938 3167 945 3198 ‚
