2126 3848
262 281 687 344 Entcnnmntnnn.
847 279 906 361 273

4 375 42 446 Et
54 376 135 435 dum
150 372 325 454 plectendis
339 375 433 455 parcit
445 376 603 438 clementia
617 380 718 454 factis,
750 373 753 376 ¹

43 467 111 528 Dat
123 467 287 548 spatium,
299 489 358 546 quo
372 489 402 528 sc
416 467 544 530 erimine
556 486 660 554 purget
672 475 776 534 homo.

8 559 159 640 Denique
175 562 372 622 committunt
382 562 521 646 hemines
533 566 611 624 mala
624 567 752 627 erimina
764 587 894 650 semper.

44 655 114 714 Dat
128 656 292 736 spatium,
304 667 336 713 ut
348 668 472 734 pereant
483 658 610 721 crimina
622 680 683 719 non
694 657 841 725 homines.

9 747 156 810 Verbere
172 768 240 808 non
254 767 385 826 unquam
397 749 541 831 'castigans
555 752 645 812 corda
658 765 802 832 paterno,

44 849 100 908 Ne
117 846 188 908 cito
201 854 380 903 consumant
391 862 465 902 saeva
479 841 594 925 flagella
606 865 682 906 reos.

11 938 60 1002 Sic
72 940 198 1022 pietate
212 935 276 994 Dei
290 946 436 994 terrarum
451 954 511 994 non
525 950 608 998 vacat
621 939 722 1013 orbis,

47 1032 90 1093 Et
103 1029 192 1092 nihil
207 1040 271 1102 est,
288 1028 367 1105 quod
379 1046 434 1116 nos
445 1048 507 1089 non
519 1031 614 1092 trahat
625 1034 661 1090 ad
676 1033 811 1112 veniam,
823 1067 825 1074 ν
846 1091 849 1098 ,

13 1123 94 1186 Cum
104 1145 165 1186 rex
178 1120 347 1195 salvandis,
363 1120 426 1201 ipsa
440 1141 558 1202 qunque
571 1124 698 1183 consulit
710 1126 772 1199 ira,

52 1218 96 1279 Et
108 1229 201 1280 curat
214 1214 349 1275 medicus
360 1213 482 1274 vulnera
495 1215 681 1292 vulneribus„

410 1305 518 1368 Vlll.

11 1406 93 1470 Cum
108 1406 206 1466 Deus
218 1414 317 1462 exerta
328 1411 485 1482 peccantes
497 1404 634 1464 verberat
645 1405 705 1479 ira,

50 1499 99 1560 Ut
113 1497 232 1559 norint
241 1493 397 1568 homines,
413 1496 483 1572 quid
497 1509 668 1556 mereantur
679 1541 687 1573 ,
700 1498 767 1580 agit.
808 1524 814 1530 s

11 1593 94 1655 Nam
108 1594 192 1652 dum
205 1586 343 1648 mortalis
356 1600 536 1669 peraguntur
548 1600 686 1670 tempora
700 1592 814 1667 earnis,
906 1665 911 1678 ¹

49 1684 224 1746 Auxilium
237 1679 355 1739 miseris
367 1679 431 1760 ipsa
443 1679 556 1762 flagella
569 1682 675 1743 serunt.

11 1779 49 1840 Et
61 1777 208 1839 vindicta
225 1773 323 1832 brevis
334 1773 377 1832 sic
386 1773 474 1832 noxia
486 1774 613 1834 crimina
624 1776 708 1850 finit,

51 1871 107 1932 Ne
123 1870 197 1930 sine
209 1865 270 1925 fine
282 1865 390 1926 habeat
401 1867 500 1926 debita
512 1887 598 1946 poena
610 1888 686 1928 reos.

434 1957 497 2021 lx.

12 2060 96 2120 Laus
109 2077 189 2119 vera
200 2055 234 2113 in
246 2052 417 2122 Dominum
433 2056 469 2114 de
484 2055 636 2136 promitur
646 2075 701 2114 ore
714 2057 861 2134 precantis

57 2151 92 2213 Si
108 2171 184 2231 quae
198 2167 275 2208 voce
286 2146 397 2220 fluunt,
412 2147 519 2205 intima
533 2147 631 2206 cordis
642 2146 761 2206 habent.

13 2247 92 2307 Non
104 2241 240 2326 prodest
253 2239 361 2317 cuique
374 2239 445 2300 solis
457 2239 537 2298 bona
550 2239 650 2300 dicere
664 2239 777 2314 verbis,
809 2298 811 2304 ,

57 2339 109 2398 Ni
122 2337 177 2416 pia
189 2351 277 2392 mens
286 2331 411 2406 habeat,
426 2333 506 2409 quod
521 2331 599 2392 bene
610 2331 709 2414 lingua
722 2345 815 2393 sonat.

14 2433 106 2494 Nam
120 2427 181 2488 sari
196 2438 278 2486 recte
291 2425 434 2484 miserum
449 2436 507 2499 est,
524 2437 552 2482 et
565 2425 664 2484 vivere
679 2447 779 2508 prave.

58 2526 208 2585 Damnat
220 2529 292 2578 nota
305 2517 418 2576 malum
433 2515 532 2598 regula
544 2518 669 2597 justitiae.

450 2609 488 2668 X.

11 2715 166 2778 Plurima
176 2719 350 2769 sanctorum
362 2705 442 2766 bona
453 2700 518 2766 sunt
532 2704 706 2768 communia
719 2702 836 2779 multis,

54 2807 102 2868 Et
118 2801 270 2884 quiddam
282 2797 357 2860 recti
370 2811 482 2872 constat
496 2799 591 2858 inesse
607 2794 713 2871 malis,

10 2903 79 2964 Sed
94 2900 154 2981 pia
168 2913 240 2976 pars
251 2886 375 2952 summae
386 2893 511 2952 tendens
526 2891 640 2950 virtutis
652 2892 689 2950 ad
699 2911 799 2956 arcem
819 2893 821 2898 ’

55 2991 179 3055 Omne
195 3006 323 3066 operum
337 2985 479 3045 meritum
492 2984 597 3045 transit
610 3004 713 3044 amore
728 2983 798 3044 Dei.

11 3089 98 3168 Quo
115 3083 239 3166 pariter
250 3099 432 3160 quaecunque
443 3077 600 3140 hominum
612 3077 654 3140 sic
666 3077 783 3158 diligat,
796 3090 825 3138 nt
839 3098 879 3137 se.

618 3195 621 3206 ‚
709 3167 768 3245 24
