2172 3862
46 355 164 420 v.107.
263 343 724 404 enumeratur.
876 333 936 422 467

51 442 164 507 Hostia
177 446 388 528 gratuitatem,
402 459 433 508 et
444 439 565 510 victima
575 459 678 510 mente
692 446 794 527 quieta
859 495 873 525 4

56 537 245 620 Displicnit‚
257 535 428 622 placuitque
438 540 548 620 simul,
562 543 632 623 quia
643 543 735 604 oordc
748 541 830 603 fideli
895 571 899 578 ·

51 633 96 694 Et
108 645 195 715 pater
207 633 375 710 obtulerat,
387 649 537 700 necnatus
547 648 618 698 ruta
628 637 763 720 negabat.
827 693 830 700 .

49 726 130 789 Mox
142 741 228 809 pater
240 728 435 811 omnipotens
445 731 571 793 arietem
581 731 720 814 subrogat
732 731 795 820 aris(
805 751 822 810 ‚¹

50 821 168 884 Hostia
180 833 337 905 praestatur
347 843 411 884 non
423 824 564 886 orbatura
573 819 722 907 parentes.
821 883 824 894 ,

50 913 89 978 si
100 913 186 977 Deus
197 915 275 978 ullos
287 928 351 980 erat
364 913 510 1006 Saturum
521 917 639 981 falcifer
652 936 805 999 unquam,

54 1009 133 1074 Hoc
143 1012 274 1090 laceret,
287 1032 458 1095 puerosque
472 1015 540 1078 neci
550 1015 729 1078 subduceret
741 1033 866 1090 omues,

52 1104 166 1168 Annua
177 1126 252 1186 quos
263 1106 359 1190 pietus
367 1105 458 1170 limat
468 1108 639 1171 miseranda
649 1120 819 1191 parentum.
893 1130 896 1134 ·

51 1199 146 1264 Heu!
160 1220 223 1263 non
238 1202 360 1264 orbaret
369 1201 479 1266 dilecto
490 1203 618 1288 pignore
630 1214 752 1285 patres,
827 1211 830 1215 “

52 1291 119 1375 Qui
132 1294 284 1377 planctus,
299 1309 473 1380 mortesque
485 1297 556 1360 lacit
569 1316 625 1380 per
638 1307 707 1360 vota
720 1307 850 1380 rogatus.

50 1387 84 1450 N
87 1409 139 1451 um
152 1409 238 1452 rems
249 1387 336 1452 Dens
346 1403 391 1466 est
404 1436 414 1467 ‚
427 1403 537 1454 mouns
548 1392 600 1473 qui
611 1393 707 1475 majus
720 1387 853 1465 ademit,
940 1403 942 1406 ·

50 1486 156 1566 Quam
169 1495 310 1564 praestare
322 1498 420 1566 potest
431 1487 445 1548 Ρ
456 1485 505 1567 cni
518 1498 605 1549 natos
618 1484 756 1567 prestitit
764 1497 898 1564 unquam
912 1483 926 1546 l

93 1578 179 1640 Nam
195 1576 277 1639 Deus
289 1578 505 1661 omnipotens,
517 1600 605 1654 verns
615 1578 721 1656 Dens,
734 1577 944 1660 omuiapraes-
1004 1571 1010 1578 ’

220 1683 309 1748 tans,
514 1683 517 1688 ’

52 1767 85 1829 N
88 1786 131 1829 on
145 1765 229 1848 cupit
242 1766 399 1826 insontum
412 1777 542 1842 mortes,
554 1765 687 1846 vitasque
701 1761 866 1827 nocentum

51 1860 129 1923 Nou
138 1859 198 1922 cito
212 1857 381 1935 consumit,
395 1858 492 1921 veniae
504 1859 577 1920 dum
586 1869 692 1922 cuncta
703 1870 844 1919 reservat.

52 1953 137 2016 Nam
147 1953 230 2034 quod
240 1951 306 2015 lsac
318 1950 402 2032 jussit
415 1950 529 2013 collum
542 1951 718 2012 submittere
732 1949 830 2012 cultro
841 1965 851 2026 ,¹

51 2048 129 2113 Nou
142 2045 272 2113 crudelis
280 2057 345 2106 erat
358 2063 534 2109 concessum
546 2043 664 2106 anferre
675 2044 796 2125 parenti

53 2140 222 2225 Perpatris
232 2153 296 2202 tarn
307 2138 421 2223 grande
434 2135 675 2219 nelas‚autjnra
727 2136 821 2200 obare

59 2236 188 2302 Censuit
198 2235 381 2306 ambomm3
395 2251 459 2293 non
471 2243 516 2294 est
526 2231 686 2294 tentatorb
726 2232 837 2308 entius,

57 2332 120 2396 Ant
133 2329 253 2413 ignarus
267 2337 351 2404 crat,
366 2345 459 2406 quem
471 2345 558 2412 mens
570 2324 702 2387 bumana
712 2323 833 2399 lateret;

57 2424 141 2490 Cum
154 2423 271 2484 ratione
284 2421 369 2503 jubet
379 2419 446 2484 fieri
457 2462 467 2497 ‚
480 2440 666 2500 quaecunque
678 2419 815 2502 jubebit:

58 2518 122 2582 Sed
132 2516 227 2580 voluit
239 2527 409 2578 monstrare
422 2513 525 2592 Deus,
539 2533 599 2595 qua
608 2526 712 2576 mente
723 2528 864 2602 rogetur,

58 2612 201 2696 Qualiter
215 2609 455 2691 omnipotentes
468 2607 549 2687 vult,
564 2621 594 2672 et
606 2610 691 2692 jussit
701 2610 807 2673 amari.

58 2705 204 2771 Ostendit
216 2705 349 2778 cunctis,
365 2715 396 2765 ut
407 2703 451 2764 nil
464 2704 640 2786 praeponicr
654 2722 788 2784 unquam

58 2801 179 2864 Debent
191 2779 304 2861 uetelno
318 2796 478 2873 Domino,
494 2797 546 2877 qui
560 2797 811 2874 commentarit,

59 2893 154 2978 Cujus
167 2913 272 2955 amore
283 2893 337 2976 pio
348 2904 417 2954 sunt
430 2892 652 2960 contemnenda
662 2889 797 2973 pericla,

58 2986 122 3051 Vel
139 3007 327 3068 quaecunque
341 2986 462 3071 placent
475 2984 600 3065 animis,
615 2999 646 3049 et
661 2985 808 3068 quidquid
817 2997 951 3064 amatur,

102 3078 136 3142 Si
152 3082 265 3164 jactura
277 3080 345 3160 fiat,
361 3092 480 3163 prestat
494 3080 678 3164 compendia
691 3082 855 3158 damnum,

58 3173 224 3260 Temporis
232 3175 327 3278 erigtri
340 3176 365 3240 si
377 3176 437 3239 sint
449 3175 605 3259 dispendia
616 3173 703 3253 ritu,
