2172 3862
57 474 59 480 ψ
185 369 754 538 uutcourrr

248 689 701 840 strrsrrdrro

80 1060 233 1131 ἈΒ
285 1061 791 1136 GUNTHARIUM

30 1370 163 1458 'saeuus
173 1359 449 1448 'vvuuuauortuut
461 1369 543 1422 nuru
558 1369 669 1423 assur
684 1373 721 1422 ru
736 1371 910 1429 vuscuurs.

35 1669 117 1751 Rex
128 1689 274 1770 immense
286 1689 386 1765 Deus,
400 1701 576 1754 cunctorum
587 1693 741 1767 conditor,
756 1703 785 1754 et
796 1712 884 1774 spes,
974 1752 977 1762 ,

77 1780 182 1858 Quem
195 1783 282 1871 timet
294 1804 385 1854 omne
392 1785 509 1867 sulum,
524 1787 575 1862 qui
589 1786 665 1866 regis
677 1786 744 1868 igue
757 1785 879 1864 polum:

36 1873 163 1950 Sidera,
177 1875 314 1953 flamma,
326 1879 406 1954 dies,
419 1899 527 1958 quern,
542 1877 605 1954 sod,
618 1896 692 1951 unx,
707 1876 777 1936 luna
783 1877 911 1941 fatentur

76 1968 263 2044 Auctorem,
279 1969 555 2050 Dominumsecula
566 1982 671 2032 cuneta
682 1969 827 2050 probant:

36 2061 214 2144 Principio,
226 2084 278 2125 seu
290 2064 349 2126 fine
363 2083 485 2142 careus,
504 2078 534 2136 et
546 2063 692 2142 temporis
704 2083 826 2146 expers,

77 2155 209 2220 Nescius
220 2157 343 2236 alterni,
357 2179 414 2220 uec
423 2157 487 2222 rice
498 2157 615 2220 functus
627 2155 697 2238 agis.

38 2249 159 2312 Omnia
171 2264 359 2330 permutans,
373 2251 457 2334 nulio
470 2249 622 2312 mutabilis
634 2268 716 2322 aevo,

79 2343 168 2404 ldem
181 2363 301 2426 semper
311 2346 387 2419 eris,
402 2346 453 2428 qui
466 2365 498 2405 es
510 2345 618 2417 modo,
630 2341 676 2402 vel
689 2341 795 2404 fueras.

37 2439 97 2500 Nil
108 2438 206 2512 addit,
222 2438 373 2524 demitque
385 2439 440 2500 tibi
453 2452 513 2498 tam
527 2438 616 2519 ionga
627 2447 771 2503 vetustas:

81 2529 201 2593 Omnia
211 2543 329 2612 tempus
340 2532 468 2607 hahent,
483 2552 553 2591 narn
567 2530 622 2592 tibi
635 2543 753 2612 ternpus
766 2528 857 2592 abest.

40 2625 106 2704 Qui
117 2637 234 2685 mentes
243 2623 420 2698 bominum,
435 2644 492 2705 qua
505 2624 564 2696 vis,
578 2643 634 2703 per
646 2621 759 2706 singula
772 2621 873 2696 ducis,

80 2718 123 2778 Et
135 2736 311 2800 quoeunque
322 2718 409 2798 jubes
420 2759 429 2789 ‚
441 2716 544 2798 dirigis
558 2716 684 2798 ingenia.

41 2809 106 2890 Qui
121 2809 193 2870 sacis
204 2810 311 2885 iratus,
322 2808 463 2880 homines
473 2808 621 2870 contraria
634 2805 729 2882 velle,

83 2902 295 2984 propitiusque
305 2903 408 2985 jubes,
423 2915 453 2964 ut
466 2902 546 2963 bona
558 2913 663 2962 cuncta
673 2911 785 2983 gerant.

41 2995 203 3076 Quidquid
219 3009 307 3080 agunt
324 2997 481 3070 homiues,
499 2995 596 3069 bona,
618 2993 730 3068 tristia,
755 3013 920 3075 prospera,

209 3108 314 3171 prava,
888 3113 891 3122 λ

87 3181 160 3243 Hoc
174 3181 237 3241 tieri
250 3183 407 3244 admittunt
420 3181 481 3258 ira,
497 3181 637 3258 favorque
650 3177 720 3240 Dei.
