2106 3846
169 319 227 382 190
390 305 496 359 ALG.
533 305 606 356 El).
643 305 797 359 nvtTl
938 301 1024 381 clip.

168 402 270 480 Quam
281 398 363 456 laetos
374 396 514 478 migrasse
525 407 621 474 putes3
636 407 796 474 portantur
807 401 889 459 avari

167 494 218 555 Sic
232 490 397 552 Pharaonis
410 508 503 569 opes:
521 509 611 566 quern
621 501 692 548 tunc
704 493 845 551 mercede
858 492 952 554 solute

166 586 288 649 Servitii
300 585 423 667 longum
435 583 537 642 credas
550 594 660 641 taxasse
674 580 821 644 laborem.

163 680 393 757 Nonnunquam
407 674 493 736 rectis
506 687 535 733 et
547 695 613 752 quse
625 675 775 735 contraria
788 689 933 756 prosunt,

162 773 204 834 Et
215 795 280 850 quse
293 771 364 831 loeva
375 768 471 828 malus
481 767 573 829 volvit
586 811 595 842 ,
611 780 724 828 munta
736 783 912 847 recurrunt,

102 935 105 941 ,
163 867 199 927 ln
214 868 346 926 dextram
358 874 491 922 vertente
503 859 594 934 Deo,
607 861 748 940 solosque
760 877 905 925 nocentes

162 959 219 1018 vis
233 958 294 1018 odii
310 956 462 1038 perimens
475 954 616 1014 meditata
629 953 660 1014 in
674 955 797 1017 vulnera
810 959 910 1035 ducit,
926 981 940 1010 ··

162 1052 203 1114 Et
215 1063 316 1132 partos
327 1049 411 1109 fratri
423 1048 545 1128 laqueos
554 1047 708 1108 incurrere
717 1050 808 1132 cogit.

204 1143 326 1226 Egressi
338 1143 451 1202 interea
460 1141 579 1220 trepido
594 1142 631 1199 de
645 1161 713 1223 rege
726 1143 857 1201 ministri

165 1237 363 1318 Compellunt
375 1235 506 1296 celerare
514 1235 634 1316 lugam,
648 1247 813 1316 coguntque
828 1235 981 1314 volentes,

163 1325 357 1411 Praecipitant
369 1328 498 1401 alacres,
511 1340 541 1386 et
552 1327 762 1388 festinantibus
773 1328 904 1405 instant,
917 1395 928 1403 ,

163 1423 381 1500 Pellendasque
392 1433 498 1502 putent
509 1419 593 1504 pulsa
606 1441 675 1482 cum
686 1433 772 1503 gente
786 1422 897 1482 ruinas.

163 1518 237 1579 Jarn
251 1533 348 1596 prope
359 1527 521 1577 centenum
535 1515 740 1594 compleverat
751 1517 864 1576 advena
878 1515 1000 1578 lustrum

163 1611 200 1672 lu
214 1609 313 1691 regnis
326 1605 462 1689 illlgypte
474 1609 549 1682 tuis,
564 1629 599 1678 eu
610 1621 748 1689 tempore
762 1611 917 1687 quondum

162 1699 239 1782 Quo
251 1700 367 1782 priscus
381 1698 553 1761 Patriarcba
567 1701 665 1764 Jacob
676 1705 852 1782 perduxerat
864 1704 941 1768 illuc

164 1797 291 1858 Bissena
301 1793 470 1876 cumprole
482 1796 626 1871 domum,
641 1815 783 1874 carosque
793 1809 942 1877 nepotes,

166 1889 241 1970 Quo
251 1909 307 1970 per
318 1889 480 1949 fecundum
491 1887 654 1950 creverunt
662 1890 756 1950 millia
770 1903 899 1970 patrem.
961 1941 965 1952 ,

166 1981 308 2044 Procedit
321 1982 441 2040 tandem
453 1980 601 2061 popolus,
615 2001 745 2061 moxque
757 1983 875 2065 agmine
891 1987 989 2064 juncto

165 2077 275 2138 Dirum
285 2075 394 2154 linquit
402 2075 528 2134 humum
540 2075 717 2136 terebrisue
728 2075 854 2136 luctibus
866 2078 983 2138 orbam.

82 2241 87 2254 ‚
166 2171 250 2232 Nam
262 2171 360 2230 vicina
370 2167 575 2227 disserundum
588 2169 768 2248 produxerat
780 2181 881 2243 ortus,
936 2163 938 2170 ’

168 2265 244 2325 Haec
253 2283 312 2322 nox
324 2263 398 2324 leste
408 2261 479 2320 Deo
490 2260 682 2320 redeuntibus
694 2279 791 2322 annua
800 2262 913 2338 sacris,

168 2357 244 2420 Herc
250 2355 346 2438 gentis
358 2354 501 2413 solemnis
513 2353 581 2427 erit,
596 2359 661 2432 qtiae
673 2354 798 2416 solvitur
808 2355 904 2416 hoste.

193 2461 198 2472 “
208 2447 313 2507 Primo
327 2444 505 2523 conspicuos
517 2437 647 2528 fulgebat
658 2448 696 2508 in.
704 2448 809 2508 ordine
820 2450 931 2510 ductor

165 2541 304 2624 Legiler,
318 2539 457 2619 adjuncto
469 2541 769 2622 praecedeusagmina
779 2541 877 2602 fratre.

166 2637 239 2697 Post
252 2655 326 2716 quos
337 2631 487 2715 belligerae
497 2633 660 2714 disponunt
671 2654 755 2694 arma
768 2635 908 2698 cobortes
920 2683 929 2714 ,

164 2730 289 2794 Ducunt
301 2742 333 2790 et
343 2728 454 2790 validos
466 2725 610 2787 instructo
621 2727 730 2788 robore
744 2740 865 2788 turmas.

164 2824 260 2884 Arma
269 2824 367 2883 ferunt
379 2821 529 2896 humeris,
544 2841 629 2882 enses
639 2841 694 2902 per
704 2820 817 2903 singula
830 2821 906 2888 luero

165 2915 348 2995 Dependent
360 2913 462 2989 lateri,
477 2935 580 2995 presso
594 2927 658 2974 tum
671 2914 780 2974 vertice
792 2915 879 2976 cassis

161 3007 285 3092 Fulget,
299 3019 330 3067 et
340 3005 451 3068 albenti
463 3019 555 3068 certat
566 3007 615 3066 lox
629 3007 725 3068 ferrea
735 3005 822 3068 lunae.

163 3103 309 3166 Nituntur
321 3099 424 3182 jaculis
436 3100 505 3174 alii,
518 3101 701 3182 clypeosque
711 3101 836 3162 sinistris
