2126 3848
155 321 217 420 368
372 335 549 390 antropus
564 375 565 380 a
578 327 818 422 arosajomcru
931 329 1029 403 etta.

155 431 206 494 De
215 451 275 512 quo
288 434 390 515 praeda
400 421 474 508 suit',
489 433 592 494 multis
605 447 728 496 ventura
741 433 901 512 canendo,

156 523 277 588 Peccati
291 541 456 610 conceptor
467 541 545 589 erat:
559 529 611 590 sed
622 527 775 610 apostolus
788 528 891 590 Adam

153 617 228 680 Jam
241 620 484 685 meliorcoeleste'
494 622 594 682 levans
603 621 635 681 in
650 621 779 704 imagine
791 622 933 704 signum,

142 711 221 792 'Qui
236 713 473 778 fueratterrenus
482 715 595 792 borno,
610 735 668 777 nec
681 728 761 777 certa
774 715 912 798 recepit;

153 805 238 866 Nam
251 807 326 870 tattit
336 811 418 888 quod
428 810 466 870 ab
477 810 561 872 hoste
574 810 672 870 veuit:
687 823 858 870 metuamus
868 822 901 874 ut
914 829 1014 873 omues

155 898 228 962 Hoc
241 903 344 963 audire
358 902 460 979 nefas,
474 925 531 967 nec
546 913 778 990 corrumpamur
790 905 893 968 amari

152 991 249 1058 Melle
261 996 343 1073 doli,
354 997 379 1058 si
390 1011 577 1076 remeabat,
592 1000 644 1078 qui
657 999 730 1060 falsa
740 998 904 1058 ministrat.

194 1088 325 1173 lngeniis
337 1092 431 1151 claras
442 1105 471 1151 et
482 1092 589 1173 linguis
602 1090 711 1150 Paulus
724 1088 861 1150 Athenas

154 1180 340 1267 ingreditur,
351 1184 558 1264 tumidamque
572 1184 644 1246 seris
652 1181 843 1245 conflictibus
857 1181 966 1246 urbem

153 1273 287 1356 Eloquio
298 1291 432 1340 torrente
444 1278 557 1359 premit
568 1321 576 1353 ,
589 1297 681 1356 quem
693 1277 780 1336 turba
794 1277 915 1357 profari

153 1368 330 1434 Doctisonis
342 1373 448 1434 mirata
461 1372 576 1442 modis:
589 1371 698 1451 quibus
710 1369 808 1448 iuquit
821 1371 863 1430 ab
877 1371 943 1432 oris

154 1461 329 1527 Verborum
342 1463 407 1527 fluit
420 1467 475 1530 istc
488 1466 588 1527 sator?
601 1463 687 1545 plebs
700 1462 801 1530 nescia
816 1461 952 1526 Paulum

153 1552 279 1619 Semina
291 1557 370 1620 ferre
383 1561 487 1634 vocat,
502 1558 668 1636 inuiturque
681 1577 785 1622 errore
799 1559 949 1642 magistro

152 1647 235 1712 Vera
247 1650 393 1730 loqueum
412 1671 543 1728 namque
552 1651 602 1714 bic
616 1651 758 1722 facundus
769 1651 802 1710 in
816 1652 895 1714 orbe
909 1652 1007 1713 viator

151 1743 314 1816 Ambulat,
327 1743 519 1821 atqne'colit,
533 1747 616 1824 cujus
628 1742 715 1809 labor
729 1745 875 1810 omnibus
887 1745 995 1822 instat,

152 1837 199 1900 Ut
212 1849 323 1908 crescat
334 1835 453 1896 divinus
464 1854 547 1919 ager,
563 1848 743 1918 purgataque
758 1834 894 1896 fructum

151 1929 243 1993 Mens
256 1931 386 1996 humana
396 1929 488 2005 serat,
503 1928 568 1989 tolii
582 1949 620 1992 ue
633 1929 753 1990 sordeat
765 1927 890 2004 herbis,

76 2057 78 2066 =
152 2024 258 2105 Quam
267 2035 379 2107 segetes
391 2035 511 2105 portare
523 2023 624 2100 decet,
638 2041 745 2082 manus
758 2020 869 2082 amula
885 2023 986 2106 cogit,

150 2118 201 2178 Ad
213 2138 356 2199 proceres
366 2117 446 2179 huuc
458 2117 503 2176 ire
516 2115 626 2192 simul,
641 2115 749 2196 quibus
758 2115 855 2175 edidit
868 2129 977 2180 astaus

153 2210 351 2292 Cecropidae,
365 2231 440 2292 quos
452 2210 533 2276 dama
543 2209 623 2272 canit
635 2229 775 2270 sermone
786 2209 903 2276 diserto

150 2303 327 2388 Gyrnuasiis
339 2325 464 2370 vernare
475 2305 552 2381 suis,
565 2304 616 2365 ubi
628 2302 768 2385 praesidet
780 2302 858 2368 altus

154 2395 311 2480 Sacrilegae
324 2398 463 2458 novitatis
476 2417 581 2474 amoc,
589 2393 647 2458 ¹vos
660 2397 812 2459 cernimus
824 2415 914 2458 aram

84 2521 91 2531 ·
150 2491 258 2574 Ignoto
271 2490 404 2575 posuisse
417 2489 506 2567 Deo,
521 2490 573 2572 qui
585 2489 719 2556 condidit
732 2503 827 2565 astra,

153 2583 219 2664 Qui
232 2583 371 2668 pelagus,
386 2597 539 2665 terrasque
553 2584 654 2660 dedit,
668 2603 759 2664 quem
768 2583 828 2645 vita
841 2598 1005 2664 parentem

150 2675 197 2758 Ut
210 2698 405 2756 moveamur,
420 2677 525 2749 habet;
542 2679 625 2761 cujus
637 2677 784 2760 spiramus
795 2677 832 2737 ab
846 2678 942 2762 igue,

155 2770 251 2858 Cujus
264 2774 363 2857 imago
374 2763 494 2852 sumus,
509 2773 547 2832 de
561 2789 621 2851 quo
635 2771 770 2834 cecinere
785 2783 906 2852 poetae,

154 2864 238 2928 Hinc
249 2867 408 2930 homiuum
420 2878 556 2929 constare
566 2885 676 2948 genus,
691 2865 931 2946 quempraedico
946 2883 1036 2933 cuum

156 2957 260 3019 Sauxit
273 2959 311 3020 ab
325 2980 378 3020 ore
390 2980 444 3023 suo
456 2984 463 3020 ε
477 2981 530 3023 cur
542 2960 607 3021 baec
620 2959 721 3022 divina
733 2958 864 3033 vocatis,

154 3047 232 3130 Quae
245 3051 359 3126 facitis,
374 3074 528 3135 vacuoque
544 3065 626 3118 metu
640 3051 757 3116 eoeleste
768 3052 882 3131 putatis

150 3143 325 3212 Auxilium?
336 3147 418 3226 quod
428 3147 520 3230 gignit
531 3146 658 3223 humus,
673 3157 778 3208 natura
792 3145 912 3210 metalli
