<?xml version="1.0" encoding="UTF-8"?>
<!DOCTYPE html PUBLIC "-//W3C//DTD XHTML 1.0 Transitional//EN"
    "http://www.w3.org/TR/xhtml1/DTD/xhtml1-transitional.dtd">
<html xmlns="http://www.w3.org/1999/xhtml" xml:lang="en" lang="en">
 <head>
  <title>
</title>
<meta http-equiv="Content-Type" content="text/html;charset=utf-8" />
  <meta name='ocr-system' content='tesseract 3.04.00' />
  <meta name='ocr-capabilities' content='ocr_page ocr_carea ocr_par ocr_line ocrx_word'/>
</head>
<body>
  <div class='ocr_page' id='page_1' title='image "./caiicaeliisedul00sedugoog_0305.png"; bbox 0 0 2126 3848; ppageno 0'>
   <div class='ocr_carea' id='block_1_1' title="bbox 169 275 784 364">
    <p class='ocr_par' dir='ltr' id='par_1_1' title="bbox 169 275 784 364">
     <span class='ocr_line' id='line_1_1' title="bbox 169 275 784 364; baseline 0.01 -24"><span class='ocrx_word' id='word_1_1' title='bbox 169 275 229 364; x_wconf 74' lang='lat'>298</span> <span class='ocrx_word' id='word_1_2' title='bbox 423 283 784 346; x_wconf 60' lang='lat' dir='ltr'>uelamenti</span> 
     </span>
    </p>
   </div>
   <div class='ocr_carea' id='block_1_2' title="bbox 110 383 1049 3187">
    <p class='ocr_par' dir='ltr' id='par_1_2' title="bbox 110 383 1049 3187">
     <span class='ocr_line' id='line_1_2' title="bbox 207 383 875 451; baseline 0 -3"><span class='ocrx_word' id='word_1_3' title='bbox 207 385 369 448; x_wconf 76' lang='lat' dir='ltr'>Blanditur</span> <span class='ocrx_word' id='word_1_4' title='bbox 382 384 461 447; x_wconf 78' lang='lat' dir='ltr'>souti</span> <span class='ocrx_word' id='word_1_5' title='bbox 474 385 546 448; x_wconf 86' lang='lat' dir='ltr'>dum</span> <span class='ocrx_word' id='word_1_6' title='bbox 560 383 640 446; x_wconf 88' lang='lat' dir='ltr'>male</span> <span class='ocrx_word' id='word_1_7' title='bbox 653 405 753 447; x_wconf 69' lang='lat' dir='ltr'><strong>suasus</strong></span> <span class='ocrx_word' id='word_1_8' title='bbox 764 387 875 451; x_wconf 81' lang='lat' dir='ltr'>honor.</span> 
     </span>
     <span class='ocr_line' id='line_1_3' title="bbox 168 480 826 561; baseline -0.005 -17"><span class='ocrx_word' id='word_1_9' title='bbox 168 481 279 544; x_wconf 85' lang='lat' dir='ltr'>Libera</span> <span class='ocrx_word' id='word_1_10' title='bbox 292 480 329 540; x_wconf 76' lang='lat' dir='ltr'>sit</span> <span class='ocrx_word' id='word_1_11' title='bbox 343 481 441 561; x_wconf 81' lang='lat' dir='ltr'><strong>potius</strong></span> <span class='ocrx_word' id='word_1_12' title='bbox 455 499 510 539; x_wconf 82' lang='lat' dir='ltr'>vox</span> <span class='ocrx_word' id='word_1_13' title='bbox 522 481 702 542; x_wconf 80' lang='lat' dir='ltr'>correctoris</span> <span class='ocrx_word' id='word_1_14' title='bbox 714 481 826 558; x_wconf 84' lang='lat' dir='ltr'>amici,</span> 
     </span>
     <span class='ocr_line' id='line_1_4' title="bbox 209 573 815 658; baseline 0.002 -24"><span class='ocrx_word' id='word_1_15' title='bbox 209 573 340 658; x_wconf 87' lang='lat' dir='ltr'>Serpere</span> <span class='ocrx_word' id='word_1_16' title='bbox 350 595 407 635; x_wconf 87' lang='lat' dir='ltr'>nec</span> <span class='ocrx_word' id='word_1_17' title='bbox 419 573 502 632; x_wconf 77' lang='lat' dir='ltr'>tibris</span> <span class='ocrx_word' id='word_1_18' title='bbox 514 593 592 635; x_wconf 72' lang='lat' dir='ltr'>carra</span> <span class='ocrx_word' id='word_1_19' title='bbox 599 593 717 634; x_wconf 76' lang='lat' dir='ltr'>uenena</span> <span class='ocrx_word' id='word_1_20' title='bbox 727 575 815 636; x_wconf 79' lang='lat' dir='ltr'>sinat.</span> 
     </span>
     <span class='ocr_line' id='line_1_5' title="bbox 166 665 867 752; baseline -0.001 -21"><span class='ocrx_word' id='word_1_21' title='bbox 166 667 235 732; x_wconf 86' lang='lat' dir='ltr'>Nec</span> <span class='ocrx_word' id='word_1_22' title='bbox 249 668 373 730; x_wconf 86' lang='lat' dir='ltr'>credens</span> <span class='ocrx_word' id='word_1_23' title='bbox 384 667 493 730; x_wconf 84' lang='lat' dir='ltr'>medici</span> <span class='ocrx_word' id='word_1_24' title='bbox 506 667 606 728; x_wconf 83' lang='lat' dir='ltr'>verbis</span> <span class='ocrx_word' id='word_1_25' title='bbox 620 665 774 728; x_wconf 76' lang='lat' dir='ltr'><strong>fallacibus</strong></span> <span class='ocrx_word' id='word_1_26' title='bbox 785 689 867 752; x_wconf 81' lang='lat' dir='ltr'>aeger</span> 
     </span>
     <span class='ocr_line' id='line_1_6' title="bbox 207 760 786 841; baseline -0.01 -17"><span class='ocrx_word' id='word_1_27' title='bbox 207 761 308 824; x_wconf 86' lang='lat' dir='ltr'>Noxia</span> <span class='ocrx_word' id='word_1_28' title='bbox 320 761 444 825; x_wconf 81' lang='lat' dir='ltr'>laudatae</span> <span class='ocrx_word' id='word_1_29' title='bbox 458 760 580 821; x_wconf 79' lang='lat' dir='ltr'>vulnera</span> <span class='ocrx_word' id='word_1_30' title='bbox 593 761 685 841; x_wconf 84' lang='lat' dir='ltr'>pestis</span> <span class='ocrx_word' id='word_1_31' title='bbox 697 773 786 822; x_wconf 79' lang='lat' dir='ltr'>amet.</span> 
     </span>
     <span class='ocr_line' id='line_1_7' title="bbox 502 851 729 920; baseline 0.031 -7"><span class='ocrx_word' id='word_1_32' title='bbox 502 851 712 915; x_wconf 85' lang='lat' dir='ltr'>LXXXIX.</span> <span class='ocrx_word' id='word_1_33' title='bbox 725 915 729 920; x_wconf 93' lang='grc'><em>,</em></span> 
     </span>
     <span class='ocr_line' id='line_1_8' title="bbox 165 948 873 1025; baseline -0.006 -11"><span class='ocrx_word' id='word_1_34' title='bbox 165 951 201 1014; x_wconf 82' lang='lat' dir='ltr'>si</span> <span class='ocrx_word' id='word_1_35' title='bbox 212 951 324 1012; x_wconf 84' lang='lat' dir='ltr'><strong>mundo</strong></span> <span class='ocrx_word' id='word_1_36' title='bbox 338 948 465 1007; x_wconf 84' lang='lat' dir='ltr'>moritur</span> <span class='ocrx_word' id='word_1_37' title='bbox 478 948 873 1025; x_wconf 66' lang='grc' dir='ltr'><strong>(Ιίιίιιοῑῐοιιιιίιιιιιιιιιιι,</strong></span> 
     </span>
     <span class='ocr_line' id='line_1_9' title="bbox 206 1035 835 1124; baseline -0.003 -20"><span class='ocrx_word' id='word_1_38' title='bbox 206 1035 317 1124; x_wconf 80' lang='lat' dir='ltr'>Fitque</span> <span class='ocrx_word' id='word_1_39' title='bbox 328 1061 422 1102; x_wconf 81' lang='lat' dir='ltr'><strong>novus</strong></span> <span class='ocrx_word' id='word_1_40' title='bbox 433 1043 512 1118; x_wconf 78' lang='lat' dir='ltr'>vita,</span> <span class='ocrx_word' id='word_1_41' title='bbox 527 1042 579 1122; x_wconf 86' lang='lat' dir='ltr'>qui</span> <span class='ocrx_word' id='word_1_42' title='bbox 592 1041 735 1124; x_wconf 76' lang='lat' dir='ltr'><strong>sepelitur</strong></span> <span class='ocrx_word' id='word_1_43' title='bbox 747 1062 835 1121; x_wconf 84' lang='lat' dir='ltr'>aqua.</span> 
     </span>
     <span class='ocr_line' id='line_1_10' title="bbox 165 1133 906 1217; baseline -0.008 -13"><span class='ocrx_word' id='word_1_44' title='bbox 165 1139 319 1204; x_wconf 80' lang='lat' dir='ltr'><strong>Nonsunt</strong></span> <span class='ocrx_word' id='word_1_45' title='bbox 331 1136 457 1196; x_wconf 78' lang='lat' dir='ltr'>fraudati</span> <span class='ocrx_word' id='word_1_46' title='bbox 471 1155 556 1197; x_wconf 83' lang='lat' dir='ltr'>suero</span> <span class='ocrx_word' id='word_1_47' title='bbox 565 1136 744 1217; x_wconf 75' lang='lat' dir='ltr'>baptismate</span> <span class='ocrx_word' id='word_1_48' title='bbox 761 1133 906 1215; x_wconf 70' lang='lat' dir='ltr'>Christi,</span> 
     </span>
     <span class='ocr_line' id='line_1_11' title="bbox 209 1229 902 1314; baseline -0.004 -20"><span class='ocrx_word' id='word_1_49' title='bbox 209 1232 294 1294; x_wconf 82' lang='lat' dir='ltr'><strong>Fons</strong></span> <span class='ocrx_word' id='word_1_50' title='bbox 307 1229 413 1311; x_wconf 89' lang='lat' dir='ltr'><strong>quibus</strong></span> <span class='ocrx_word' id='word_1_51' title='bbox 427 1230 492 1311; x_wconf 81' lang='lat' dir='ltr'>ipsa</span> <span class='ocrx_word' id='word_1_52' title='bbox 505 1231 551 1290; x_wconf 85' lang='lat' dir='ltr'>sui</span> <span class='ocrx_word' id='word_1_53' title='bbox 564 1229 715 1314; x_wconf 73' lang='lat' dir='ltr'>sanguinis</span> <span class='ocrx_word' id='word_1_54' title='bbox 728 1231 808 1290; x_wconf 83' lang='lat' dir='ltr'>unda</span> <span class='ocrx_word' id='word_1_55' title='bbox 821 1231 902 1302; x_wconf 77' lang='lat' dir='ltr'>fuit3</span> 
     </span>
     <span class='ocr_line' id='line_1_12' title="bbox 164 1323 926 1407; baseline -0.001 -18"><span class='ocrx_word' id='word_1_56' title='bbox 164 1327 206 1389; x_wconf 79' lang='lat' dir='ltr'>Et</span> <span class='ocrx_word' id='word_1_57' title='bbox 215 1325 359 1407; x_wconf 85' lang='lat' dir='ltr'>quidquid</span> <span class='ocrx_word' id='word_1_58' title='bbox 371 1324 446 1385; x_wconf 81' lang='lat' dir='ltr'>sacri</span> <span class='ocrx_word' id='word_1_59' title='bbox 460 1323 517 1383; x_wconf 82' lang='lat' dir='ltr'>sert</span> <span class='ocrx_word' id='word_1_60' title='bbox 530 1324 656 1407; x_wconf 66' lang='lat' dir='ltr'>mystica</span> <span class='ocrx_word' id='word_1_61' title='bbox 670 1324 768 1384; x_wconf 73' lang='lat' dir='ltr'>sorana</span> <span class='ocrx_word' id='word_1_62' title='bbox 781 1323 901 1388; x_wconf 81' lang='lat' dir='ltr'>lavacri</span> <span class='ocrx_word' id='word_1_63' title='bbox 916 1373 926 1404; x_wconf 90' lang='lat'>‚</span> 
     </span>
     <span class='ocr_line' id='line_1_13' title="bbox 110 1416 776 1504; baseline -0.003 -25"><span class='ocrx_word' id='word_1_64' title='bbox 110 1489 113 1504; x_wconf 25' lang='grc'>1</span> <span class='ocrx_word' id='word_1_65' title='bbox 206 1419 243 1481; x_wconf 87' lang='lat' dir='ltr'>ld</span> <span class='ocrx_word' id='word_1_66' title='bbox 256 1432 353 1480; x_wconf 75' lang='lat' dir='ltr'><strong>totum</strong></span> <span class='ocrx_word' id='word_1_67' title='bbox 368 1417 505 1498; x_wconf 77' lang='lat' dir='ltr'>implevit</span> <span class='ocrx_word' id='word_1_68' title='bbox 518 1416 614 1500; x_wconf 83' lang='lat' dir='ltr'>gioria</span> <span class='ocrx_word' id='word_1_69' title='bbox 630 1417 776 1501; x_wconf 74' lang='lat' dir='ltr'>martyrii.</span> 
     </span>
     <span class='ocr_line' id='line_1_14' title="bbox 167 1603 965 1691; baseline 0.001 -23"><span class='ocrx_word' id='word_1_70' title='bbox 167 1607 278 1691; x_wconf 78' lang='lat' dir='ltr'>Magna</span> <span class='ocrx_word' id='word_1_71' title='bbox 287 1608 410 1685; x_wconf 84' lang='lat' dir='ltr'>quidem</span> <span class='ocrx_word' id='word_1_72' title='bbox 424 1607 457 1666; x_wconf 89' lang='lat' dir='ltr'>in</span> <span class='ocrx_word' id='word_1_73' title='bbox 471 1604 573 1666; x_wconf 82' lang='lat' dir='ltr'><strong>multis</strong></span> <span class='ocrx_word' id='word_1_74' title='bbox 583 1617 627 1665; x_wconf 79' lang='lat' dir='ltr'>est</span> <span class='ocrx_word' id='word_1_75' title='bbox 641 1603 815 1665; x_wconf 73' lang='lat' dir='ltr'>excellentia</span> <span class='ocrx_word' id='word_1_76' title='bbox 823 1611 943 1672; x_wconf 71' lang='lat' dir='ltr'>saneris</span> <span class='ocrx_word' id='word_1_77' title='bbox 955 1655 965 1686; x_wconf 89' lang='lat'>,</span> 
     </span>
     <span class='ocr_line' id='line_1_15' title="bbox 207 1697 878 1781; baseline 0 -23"><span class='ocrx_word' id='word_1_78' title='bbox 207 1697 351 1778; x_wconf 85' lang='lat' dir='ltr'><strong>Quorum</strong></span> <span class='ocrx_word' id='word_1_79' title='bbox 365 1699 480 1759; x_wconf 83' lang='lat' dir='ltr'>animas</span> <span class='ocrx_word' id='word_1_80' title='bbox 493 1700 593 1780; x_wconf 82' lang='lat' dir='ltr'>superi</span> <span class='ocrx_word' id='word_1_81' title='bbox 606 1697 698 1781; x_wconf 73' lang='lat' dir='ltr'>gratia</span> <span class='ocrx_word' id='word_1_82' title='bbox 713 1699 789 1758; x_wconf 86' lang='lat' dir='ltr'>roris</span> <span class='ocrx_word' id='word_1_83' title='bbox 802 1697 878 1771; x_wconf 57' lang='lat' dir='ltr'>uin</span> 
     </span>
     <span class='ocr_line' id='line_1_16' title="bbox 167 1791 1032 1883; baseline 0.002 -27"><span class='ocrx_word' id='word_1_84' title='bbox 167 1793 230 1856; x_wconf 76' lang='lat' dir='ltr'>sed</span> <span class='ocrx_word' id='word_1_85' title='bbox 242 1795 314 1854; x_wconf 87' lang='lat' dir='ltr'>dum</span> <span class='ocrx_word' id='word_1_86' title='bbox 326 1812 412 1854; x_wconf 86' lang='lat' dir='ltr'>mens</span> <span class='ocrx_word' id='word_1_87' title='bbox 422 1795 558 1871; x_wconf 79' lang='lat' dir='ltr'><strong>quaedam</strong></span> <span class='ocrx_word' id='word_1_88' title='bbox 571 1792 683 1873; x_wconf 65' lang='lat' dir='ltr'>patitur</span> <span class='ocrx_word' id='word_1_89' title='bbox 694 1791 938 1875; x_wconf 77' lang='lat' dir='ltr'>malacorporis</span> <span class='ocrx_word' id='word_1_90' title='bbox 949 1799 1032 1883; x_wconf 62' lang='lat' dir='ltr'>agri,</span> 
     </span>
     <span class='ocr_line' id='line_1_17' title="bbox 210 1887 847 1972; baseline -0.006 -23"><span class='ocrx_word' id='word_1_91' title='bbox 210 1887 251 1950; x_wconf 82' lang='lat' dir='ltr'>Et</span> <span class='ocrx_word' id='word_1_92' title='bbox 263 1907 394 1972; x_wconf 83' lang='lat' dir='ltr'><strong>pugnam</strong></span> <span class='ocrx_word' id='word_1_93' title='bbox 405 1887 530 1948; x_wconf 86' lang='lat' dir='ltr'>interius</span> <span class='ocrx_word' id='word_1_94' title='bbox 544 1887 690 1949; x_wconf 76' lang='lat' dir='ltr'>exteriora</span> <span class='ocrx_word' id='word_1_95' title='bbox 704 1901 847 1961; x_wconf 81' lang='lat' dir='ltr'>movent,</span> 
     </span>
     <span class='ocr_line' id='line_1_18' title="bbox 168 1980 920 2063; baseline 0 -19"><span class='ocrx_word' id='word_1_96' title='bbox 168 1981 335 2063; x_wconf 84' lang='lat' dir='ltr'><strong>Nunquam</strong></span> <span class='ocrx_word' id='word_1_97' title='bbox 347 1982 387 2042; x_wconf 80' lang='lat' dir='ltr'>ita</span> <span class='ocrx_word' id='word_1_98' title='bbox 397 1980 532 2062; x_wconf 75' lang='lat' dir='ltr'>perfecto</span> <span class='ocrx_word' id='word_1_99' title='bbox 544 1981 662 2062; x_wconf 82' lang='lat' dir='ltr'>capitur</span> <span class='ocrx_word' id='word_1_100' title='bbox 673 1981 800 2043; x_wconf 78' lang='lat' dir='ltr'>victoria</span> <span class='ocrx_word' id='word_1_101' title='bbox 809 1980 920 2058; x_wconf 77' lang='lat' dir='ltr'><strong>bellu,</strong></span> 
     </span>
     <span class='ocr_line' id='line_1_19' title="bbox 144 2073 797 2154; baseline -0.003 -18"><span class='ocrx_word' id='word_1_102' title='bbox 144 2073 149 2086; x_wconf 74' lang='lat'><strong>¹</strong></span> <span class='ocrx_word' id='word_1_103' title='bbox 167 2095 170 2106; x_wconf 87' lang='grc'>’</span> <span class='ocrx_word' id='word_1_104' title='bbox 210 2075 295 2137; x_wconf 86' lang='lat' dir='ltr'>Vera</span> <span class='ocrx_word' id='word_1_105' title='bbox 309 2089 340 2136; x_wconf 84' lang='lat' dir='ltr'>ut</span> <span class='ocrx_word' id='word_1_106' title='bbox 350 2095 469 2138; x_wconf 86' lang='lat' dir='ltr'>securus</span> <span class='ocrx_word' id='word_1_107' title='bbox 482 2093 557 2154; x_wconf 84' lang='lat' dir='ltr'>pace</span> <span class='ocrx_word' id='word_1_108' title='bbox 569 2074 684 2135; x_wconf 69' lang='lat' dir='ltr'>fruatur</span> <span class='ocrx_word' id='word_1_109' title='bbox 694 2074 797 2134; x_wconf 88' lang='lat' dir='ltr'><strong>humo.</strong></span> 
     </span>
     <span class='ocr_line' id='line_1_20' title="bbox 168 2168 823 2252; baseline -0.008 -21"><span class='ocrx_word' id='word_1_110' title='bbox 168 2171 252 2231; x_wconf 76' lang='lat' dir='ltr'>lnter</span> <span class='ocrx_word' id='word_1_111' title='bbox 266 2170 417 2231; x_wconf 82' lang='lat' dir='ltr'><strong>discordes</strong></span> <span class='ocrx_word' id='word_1_112' title='bbox 430 2181 528 2228; x_wconf 83' lang='lat' dir='ltr'><strong>mutus</strong></span> <span class='ocrx_word' id='word_1_113' title='bbox 539 2168 674 2252; x_wconf 71' lang='lat' dir='ltr'>cuntagia</span> <span class='ocrx_word' id='word_1_114' title='bbox 685 2179 823 2250; x_wconf 77' lang='lat' dir='ltr'>serpunt:</span> 
     </span>
     <span class='ocr_line' id='line_1_21' title="bbox 211 2259 875 2344; baseline -0.003 -22"><span class='ocrx_word' id='word_1_115' title='bbox 211 2263 338 2344; x_wconf 83' lang='lat' dir='ltr'>ipsaque</span> <span class='ocrx_word' id='word_1_116' title='bbox 347 2262 489 2323; x_wconf 80' lang='lat' dir='ltr'>virtutum</span> <span class='ocrx_word' id='word_1_117' title='bbox 502 2261 608 2344; x_wconf 78' lang='lat' dir='ltr'>gaudia</span> <span class='ocrx_word' id='word_1_118' title='bbox 621 2260 727 2321; x_wconf 81' lang='lat' dir='ltr'><strong>vulnus</strong></span> <span class='ocrx_word' id='word_1_119' title='bbox 738 2259 851 2321; x_wconf 81' lang='lat' dir='ltr'>habeut</span> <span class='ocrx_word' id='word_1_120' title='bbox 864 2306 875 2338; x_wconf 89' lang='lat'><strong>‚</strong></span> 
     </span>
     <span class='ocr_line' id='line_1_22' title="bbox 169 2353 883 2437; baseline 0 -22"><span class='ocrx_word' id='word_1_121' title='bbox 169 2354 217 2415; x_wconf 81' lang='lat' dir='ltr'>Ut</span> <span class='ocrx_word' id='word_1_122' title='bbox 228 2355 315 2417; x_wconf 82' lang='lat' dir='ltr'>saciat</span> <span class='ocrx_word' id='word_1_123' title='bbox 327 2355 440 2418; x_wconf 83' lang='lat' dir='ltr'>cunetis</span> <span class='ocrx_word' id='word_1_124' title='bbox 451 2353 539 2437; x_wconf 78' lang='lat' dir='ltr'>longa</span> <span class='ocrx_word' id='word_1_125' title='bbox 550 2355 733 2436; x_wconf 77' lang='lat' dir='ltr'>experientia</span> <span class='ocrx_word' id='word_1_126' title='bbox 748 2367 854 2415; x_wconf 75' lang='lat' dir='ltr'><strong>uotum</strong></span> <span class='ocrx_word' id='word_1_127' title='bbox 871 2399 883 2432; x_wconf 89' lang='lat'>‚</span> 
     </span>
     <span class='ocr_line' id='line_1_23' title="bbox 212 2446 890 2530; baseline 0.001 -23"><span class='ocrx_word' id='word_1_128' title='bbox 212 2446 287 2507; x_wconf 91' lang='lat' dir='ltr'>Non</span> <span class='ocrx_word' id='word_1_129' title='bbox 301 2447 432 2507; x_wconf 83' lang='lat' dir='ltr'>essehoc</span> <span class='ocrx_word' id='word_1_130' title='bbox 443 2446 567 2528; x_wconf 85' lang='lat' dir='ltr'>plenam</span> <span class='ocrx_word' id='word_1_131' title='bbox 575 2460 714 2530; x_wconf 84' lang='lat' dir='ltr'>tempore</span> <span class='ocrx_word' id='word_1_132' title='bbox 727 2447 890 2529; x_wconf 66' lang='lat' dir='ltr'>justitiam</span> 
     </span>
     <span class='ocr_line' id='line_1_24' title="bbox 170 2537 939 2630; baseline 0.008 -29"><span class='ocrx_word' id='word_1_133' title='bbox 170 2537 216 2602; x_wconf 88' lang='lat' dir='ltr'>Ni</span> <span class='ocrx_word' id='word_1_134' title='bbox 230 2537 384 2600; x_wconf 84' lang='lat' dir='ltr'><strong>Dominus</strong></span> <span class='ocrx_word' id='word_1_135' title='bbox 396 2540 566 2630; x_wconf 71' lang='lat' dir='ltr'>miserando</span> <span class='ocrx_word' id='word_1_136' title='bbox 578 2541 655 2604; x_wconf 81' lang='lat' dir='ltr'>lavet</span> <span class='ocrx_word' id='word_1_137' title='bbox 668 2541 774 2604; x_wconf 75' lang='lat' dir='ltr'>delicta</span> <span class='ocrx_word' id='word_1_138' title='bbox 785 2563 916 2606; x_wconf 79' lang='lat' dir='ltr'><strong>suorum</strong></span> <span class='ocrx_word' id='word_1_139' title='bbox 929 2589 939 2623; x_wconf 88' lang='lat'>,</span> 
     </span>
     <span class='ocr_line' id='line_1_25' title="bbox 214 2631 853 2712; baseline 0.006 -17"><span class='ocrx_word' id='word_1_140' title='bbox 214 2631 335 2695; x_wconf 81' lang='lat' dir='ltr'>Etdans</span> <span class='ocrx_word' id='word_1_141' title='bbox 344 2631 486 2695; x_wconf 78' lang='lat' dir='ltr'>virtutum</span> <span class='ocrx_word' id='word_1_142' title='bbox 500 2655 647 2712; x_wconf 86' lang='lat' dir='ltr'>munera,</span> <span class='ocrx_word' id='word_1_143' title='bbox 663 2638 713 2697; x_wconf 82' lang='lat' dir='ltr'>det</span> <span class='ocrx_word' id='word_1_144' title='bbox 724 2637 853 2699; x_wconf 83' lang='lat' dir='ltr'>veniam.</span> 
     </span>
     <span class='ocr_line' id='line_1_26' title="bbox 557 2729 658 2792; baseline 0 -2"><span class='ocrx_word' id='word_1_145' title='bbox 557 2729 658 2792; x_wconf 87' lang='lat' dir='ltr'><strong>XCI.</strong></span> 
     </span>
     <span class='ocr_line' id='line_1_27' title="bbox 172 2823 895 2904; baseline 0.004 -19"><span class='ocrx_word' id='word_1_146' title='bbox 172 2823 359 2887; x_wconf 76' lang='lat' dir='ltr'>Divinarum</span> <span class='ocrx_word' id='word_1_147' title='bbox 372 2843 500 2904; x_wconf 84' lang='lat' dir='ltr'>operum</span> <span class='ocrx_word' id='word_1_148' title='bbox 511 2837 639 2885; x_wconf 82' lang='lat' dir='ltr'>secretas</span> <span class='ocrx_word' id='word_1_149' title='bbox 652 2843 774 2885; x_wconf 82' lang='lat' dir='ltr'>noscere</span> <span class='ocrx_word' id='word_1_150' title='bbox 788 2843 895 2888; x_wconf 82' lang='lat' dir='ltr'>causas</span> 
     </span>
     <span class='ocr_line' id='line_1_28' title="bbox 216 2915 1049 3002; baseline -0.004 -24"><span class='ocrx_word' id='word_1_151' title='bbox 216 2915 366 2978; x_wconf 85' lang='lat' dir='ltr'>Humanis</span> <span class='ocrx_word' id='word_1_152' title='bbox 379 2929 495 2978; x_wconf 81' lang='lat' dir='ltr'>nonest</span> <span class='ocrx_word' id='word_1_153' title='bbox 506 2916 649 2999; x_wconf 86' lang='lat' dir='ltr'>possibile</span> <span class='ocrx_word' id='word_1_154' title='bbox 661 2917 803 3002; x_wconf 76' lang='lat' dir='ltr'>ingeniis3</span> <span class='ocrx_word' id='word_1_155' title='bbox 1048 2921 1049 2975; x_wconf 75' lang='grc' dir='ltr'><strong>ι</strong></span> 
     </span>
     <span class='ocr_line' id='line_1_29' title="bbox 173 3007 1048 3095; baseline 0.002 -23"><span class='ocrx_word' id='word_1_156' title='bbox 173 3007 243 3072; x_wconf 85' lang='lat' dir='ltr'>Nec</span> <span class='ocrx_word' id='word_1_157' title='bbox 256 3007 339 3070; x_wconf 87' lang='lat' dir='ltr'><strong>nullo</strong></span> <span class='ocrx_word' id='word_1_158' title='bbox 352 3021 454 3071; x_wconf 76' lang='lat' dir='ltr'>tamen</span> <span class='ocrx_word' id='word_1_159' title='bbox 463 3010 571 3072; x_wconf 77' lang='lat' dir='ltr'>intuitu</span> <span class='ocrx_word' id='word_1_160' title='bbox 583 3011 752 3094; x_wconf 81' lang='lat' dir='ltr'>speculatur</span> <span class='ocrx_word' id='word_1_161' title='bbox 765 3025 872 3095; x_wconf 79' lang='lat' dir='ltr'>operta</span> <span class='ocrx_word' id='word_1_162' title='bbox 888 3059 900 3092; x_wconf 85' lang='lat'>‚</span> <span class='ocrx_word' id='word_1_163' title='bbox 1046 3017 1048 3094; x_wconf 77' lang='lat' dir='ltr'>i</span> 
     </span>
     <span class='ocr_line' id='line_1_30' title="bbox 219 3101 905 3187; baseline 0.015 -26"><span class='ocrx_word' id='word_1_164' title='bbox 219 3101 284 3183; x_wconf 86' lang='lat' dir='ltr'>Qui</span> <span class='ocrx_word' id='word_1_165' title='bbox 297 3101 390 3164; x_wconf 76' lang='lat' dir='ltr'><strong>multa</strong></span> <span class='ocrx_word' id='word_1_166' title='bbox 401 3116 433 3165; x_wconf 83' lang='lat' dir='ltr'>ut</span> <span class='ocrx_word' id='word_1_167' title='bbox 445 3105 556 3168; x_wconf 79' lang='lat' dir='ltr'>lateant</span> <span class='ocrx_word' id='word_1_168' title='bbox 571 3106 646 3180; x_wconf 80' lang='lat' dir='ltr'>‚seit</span> <span class='ocrx_word' id='word_1_169' title='bbox 659 3106 804 3187; x_wconf 77' lang='lat' dir='ltr'>placuisse</span> <span class='ocrx_word' id='word_1_170' title='bbox 817 3107 905 3172; x_wconf 86' lang='lat' dir='ltr'>Deo.</span> 
     </span>
    </p>
   </div>
   <div class='ocr_carea' id='block_1_3' title="bbox 0 0 1071 3848">
    <p class='ocr_par' dir='ltr' id='par_1_3' title="bbox 0 0 1071 3848">
     <span class='ocr_line' id='line_1_31' title="bbox 0 0 1071 3848; baseline 0 0"><span class='ocrx_word' id='word_1_171' title='bbox 0 0 1071 3848; x_wconf 95' lang='lat' dir='ltr'> </span> 
     </span>
    </p>
   </div>
  </div>
 </body>
</html>
