2106 3846
128 236 189 298 ²56
391 242 745 299 arnostus}
909 237 1033 300 v.136.

134 341 172 402 Et
181 345 242 425 jam
256 342 294 402 sit
306 341 428 421 penitus
439 336 568 400 earnalis
580 337 705 418 originis
716 351 835 412 emes,

131 435 194 514 Qui
208 434 379 496 membrum
393 446 438 494 est
451 430 582 506 Christi,
596 432 762 512 capitisque
778 433 810 492 in
824 453 970 516 corpure
984 441 1035 498 vi-

293 530 355 588 vit:
393 569 396 575 -

131 624 231 704 Aquo
244 623 394 705 subjectos
404 622 488 702 vigor
499 619 600 680 omnis
613 633 713 680 manat
722 620 755 680 in
768 634 869 698 artus,

129 717 175 778 Et.
181 720 224 780 sic
235 737 360 798 quaeque
371 736 425 776 suo
437 727 608 798 vegetantur
619 714 650 774 in
663 716 770 776 ordine
783 729 906 796 partes,

132 810 177 871 Ut
187 813 268 891 qood
281 823 391 893 agunt,
407 821 438 869 et
447 809 598 889 dispositis
610 809 691 888 quod
705 809 838 870 motibus
849 812 1000 894 explent,

130 905 176 966 Ex
188 905 241 966 illo
254 904 384 986 possint,
400 904 451 982 qni
464 921 583 962 summa
594 915 682 982 atque
695 902 800 963 ultima
812 925 929 986 pacans

134 1000 176 1060 Ut
189 1020 245 1061 uos
257 1000 402 1060 insereret
414 997 557 1072 summis,
571 1017 603 1057 se
616 995 735 1058 miscuit
748 999 827 1059 imis.

172 1091 352 1156 Conticeant
364 1093 452 1176 igitur
465 1091 516 1170 qui
530 1091 632 1152 dicunt
643 1109 706 1151 esse
722 1093 915 1174 cavendnm,

131 1188 182 1250 Ne
193 1189 268 1250 desit
281 1188 389 1250 sanctis
401 1187 553 1247 sumendae
566 1205 652 1248 eausa
665 1203 805 1260 corona,
843 1217 845 1224 ⁴

132 1281 164 1343 Si
178 1305 239 1363 non
251 1283 385 1364 ipsorum
399 1283 479 1342 bona
493 1281 680 1360 reperiantur
688 1284 721 1339 in
734 1279 812 1354 illis,

113 1377 202 1438 'Hoc
213 1378 324 1438 etenim
338 1375 452 1436 tumida
464 1374 556 1434 nimis
567 1374 722 1454 impietate
735 1374 900 1451 docentes,

130 1470 214 1550 Quid
226 1470 282 1529 nisi
294 1470 471 1551 justitianus
481 1480 510 1528 et
522 1468 646 1542 virtute,
658 1463 797 1558 ‘Deoque

127 1562 302 1644 Dispoliare
313 1562 417 1624 volunt
433 1586 440 1622 :
455 1582 494 1622 ne
505 1561 553 1621 lux
565 1561 598 1620 in
611 1573 700 1622 nocte
713 1574 868 1636 coruscet,

126 1654 278 1740 Languida
288 1676 327 1717 ne
339 1657 372 1715 in
387 1655 465 1716 vires
475 1656 616 1730 redeant,
630 1675 670 1716 ne
683 1667 802 1716 mortua
815 1658 950 1718 vivant?

127 1747 188 1810 Sed
202 1750 289 1812 nobis
301 1770 421 1812 summo
434 1769 576 1810 verorum
587 1769 604 1808 a
616 1749 699 1810 fonte
711 1750 868 1811 bonorum

129 1843 262 1906 Haurire
273 1846 356 1920 haec,
371 1863 481 1926 supero
495 1856 524 1904 et
535 1832 656 1924 semper
668 1843 831 1924 splendore
847 1846 953 1908 nitere

127 1938 237 2022 Gloria
248 1939 303 2016 sit,
317 1959 380 2000 non
393 1959 462 2019 spes
473 1939 504 1997 in
518 1937 590 1999 loeni
601 1937 677 1999 llore
689 1939 812 2002 caduco.

31 2055 34 2066 ·
125 2032 211 2097 Sicut
223 2035 305 2096 enim
320 2034 435 2116 palmes
446 2031 545 2092 nullos
557 2033 634 2094 valet
647 2035 736 2094 edere
749 2033 864 2096 fruetus

124 2127 199 2189 Non
213 2130 243 2188 in
256 2129 315 2190 rite
328 2147 469 2201 manens,
484 2147 549 2204 quae
562 2129 600 2188 de
615 2127 713 2189 radice
727 2127 868 2188 ministra

125 2219 254 2283 Suceum
270 2233 335 2304 agat
348 2222 379 2280 in
391 2219 530 2292 frondes,
547 2233 575 2280 et
589 2233 686 2282 musto
701 2220 852 2301 compleat
871 2243 966 2283 uras:

125 2312 177 2375 Sic
190 2315 342 2376 infecundi
354 2314 512 2388 virtutum,
528 2326 558 2374 et
569 2313 652 2396 lrnge
666 2326 799 2374 carentes

48 2443 55 2450 -
123 2406 266 2487 Perpetui
279 2406 362 2466 cibus
374 2405 450 2487 ignis
463 2419 569 2468 erunt:
582 2407 633 2487 qui
648 2408 707 2468 vite
721 2407 827 2471 relicta

121 2501 241 2560 Andent
253 2497 346 2559 eflusa
359 2499 396 2558 de
408 2498 547 2562 libertate
559 2521 715 2564 comarum

123 2585 232 2652 Fidere
244 2635 253 2666 ,
267 2611 306 2652 ne
318 2588 432 2679 Christi
444 2594 502 2654 sint
516 2597 651 2660 ubertate
664 2595 786 2658 feraces.

120 2686 161 2747 Et
173 2707 258 2772 mage
271 2709 302 2750 se
313 2687 437 2750 credunt
448 2689 581 2771 propriis
593 2689 737 2753 excellere
748 2709 837 2771 posse
850 2737 860 2766 ,

122 2780 225 2862 Quam
236 2783 260 2843 si
274 2783 415 2844 virtutum
429 2783 606 2865 placitarum
620 2785 657 2845 sit
670 2783 755 2846 Deus
765 2797 881 2847 auctor.

120 2875 206 2936 Viles
217 2897 287 2959 ergo
300 2891 405 2958 putent
417 2899 448 2940 se
460 2880 670 2959 deformesque
685 2879 815 2953 loturos,

121 2967 200 3031 Cum
213 2970 431 3060 transformatis
441 2974 492 3035 liet
505 2973 590 3035 Deus
602 2973 689 3036 unica
702 2973 810 3034 sanctis

120 3063 227 3126 Gloria
240 3089 247 3125 :
262 3069 402 3150 corporei
415 3061 471 3129 ricc
483 3071 543 3150 jam
559 3087 694 3149 pressura
707 3065 819 3126 laboris
