2106 3846
161 291 221 357 236
427 302 462 353 n.
496 299 678 358 Paos-r
697 301 787 358 aar
942 255 970 354 i.
985 297 1038 379 135.

159 398 320 485 Dogmatis
334 399 490 460 exstinctas
501 407 618 457 tentant
631 395 768 456 animare
778 395 911 474 favillas,

158 495 242 557 Dum
255 495 424 556 libertatem
431 491 554 552 arbitrii
568 488 769 569 affectumque
782 491 912 553 volendi

158 586 196 649 ln
208 589 352 651 naturalis
364 601 464 648 motus
473 587 583 648 virtute
596 583 746 660 locantes,

157 682 237 744 'l'am
250 684 330 745 bona
343 700 493 765 quemque
506 681 615 741 docent
626 677 734 740 sectari
745 701 835 760 posse
847 695 963 764 suopte

132 831 134 834 .
163 769 290 861 iugenio
301 823 310 854 ,
323 799 414 858 quam
427 795 515 859 posse
526 775 626 836 subest
637 774 745 854 cuique
758 775 790 835 in
806 776 889 837 mala
905 777 985 838 ferri.

202 874 297 953 Quod
308 874 360 952 qui
373 871 552 942 confirmas,
566 868 689 949 quinam
703 869 828 931 distabis
842 871 885 933 ab
899 871 982 948 illis,

160 967 225 1048 Qui
238 965 341 1029 dicunt
354 965 438 1026 uullo
452 963 567 1045 peccati
579 962 704 1024 vulnere
716 961 820 1024 laesum

159 1059 306 1122 Naturale
319 1060 435 1120 benum
451 1097 461 1133 ,
475 1077 606 1136 cumque
616 1056 671 1117 illo
684 1059 810 1120 numine
822 1061 913 1122 nasci
970 1051 974 1060 ’

159 1153 253 1219 Nune
266 1174 373 1215 omncs
382 1151 533 1224 hemines,
549 1151 744 1230 quodprimis
758 1153 973 1234 ingeneratum
984 1155 1035 1213 est?

158 1250 209 1311 An
224 1270 297 1312 vero
311 1247 444 1329 etcerpis
457 1245 594 1324 quendam
611 1288 620 1320 ,
643 1267 709 1324 quae
722 1258 807 1326 parte
821 1247 926 1308 recisa

160 1343 330 1425 Suscipias‚
354 1340 512 1418 cordisque
525 1338 592 1397 sinu
605 1351 730 1420 purgata
744 1341 897 1401 recondas
911 1343 926 1401 Ρ

157 1437 221 1499 Die
235 1438 324 1519 igitur
334 1435 478 1514 quidnam
492 1432 563 1492 inde
575 1432 707 1513 probes,
722 1433 793 1512 quid
804 1455 883 1495 vero
899 1436 1018 1500 refutest

157 1529 200 1590 Et
213 1531 250 1590 de
265 1528 413 1598 damnatis
424 1526 497 1606 quid
509 1527 547 1587 sit
559 1527 640 1606 qnod
655 1526 782 1587 crimine
794 1527 914 1590 'solvas

157 1625 208 1685 An
222 1625 354 1682 dextram
366 1622 448 1702 pacis
460 1619 562 1700 palam
576 1621 689 1679 darete
701 1621 794 1700 pudet
806 1621 919 1698 hosti?

130 1757 131 1762 κ
158 1714 229 1786 Nee
240 1728 338 1778 tutum
351 1712 468 1774 estella
481 1713 582 1793 pulsos
596 1734 631 1772 ex
643 1725 728 1794 parte
740 1714 817 1773 tueri
863 1712 868 1730 '

159 1809 369 1892 Simpliciter?
384 1807 472 1886 Quos
484 1827 546 1866 uon
561 1807 678 1867 dubitas
691 1806 848 1868 excludere
864 1810 981 1892 templo

128 1960 132 1966 ,
160 1904 245 1967 Pelle
258 1905 372 1966 animo.
386 1900 478 1963 Nova
491 1915 520 1962 te
533 1901 683 1962 discordia
695 1900 801 1962 dividit
812 1900 869 1962 abs
887 1915 936 1974 te;

162 1997 266 2064 Corde
279 2000 361 2061 foves
372 1995 499 2076 quodie
513 2013 565 2055 ore
577 1996 693 2076 premis
707 2019 718 2056 r
730 1985 921 2078 conjungere
934 1997 1017 2059 amicis
1046 2023 1047 2063 t

161 2089 318 2157 Mentibus
332 2139 342 2170 ,
357 2107 386 2154 et
398 2105 498 2154 tecum
508 2090 625 2172 cupidis
633 2109 819 2172 componere
831 2090 935 2154 foedus

159 2187 240 2272 Lege
255 2201 321 2261 tua3
336 2190 397 2270 jam
410 2207 500 2269 parce
513 2185 623 2261 minis,
637 2197 667 2246 et
680 2204 809 2270 congrue
823 2187 936 2266 pactis.
1045 2177 1046 2231 l

202 2281 283 2344 Ecce
296 2281 458 2363 pererratis
470 2292 619 2340 terrarum
633 2278 743 2340 finibus
756 2281 864 2340 adsunt
882 2325 894 2357 ‚

137 2384 140 2392 ’
159 2375 385 2456 Impleutesque
399 2386 464 2433 tuas
476 2373 653 2458 lacrymosis
666 2374 827 2454 questubus
840 2393 935 2438 aures
1044 2359 1045 2397 ¹

160 2468 333 2550 Incipiunt:
348 2464 431 2526 Pulsi
443 2470 558 2527 mundo
573 2512 582 2543 ‚
602 2466 743 2548 nullaque
757 2469 875 2550 recepti

161 2559 239 2624 Sede
254 2561 341 2645 vagi,
356 2561 480 2620 tandem
494 2561 574 2622 lama
588 2563 760 2623 exhortante
773 2563 935 2640 redimus,

111 2689 113 2694 ·
161 2653 298 2736 Quaeque
312 2654 527 2737 placeutrobis
543 2656 776 2738 amplectimur:
792 2657 873 2716 edita
889 2657 978 2719 nobis
1042 2669 1043 2731 t

159 2749 316 2811 Doctrinae
327 2761 430 2811 restra
443 2760 486 2809 est
498 2749 607 2830 pietas:
600 2749 697 2810 ·nihil
708 2749 872 2812 inficiando

158 2840 361 2904 Discutimus:
379 2831 466 2905 liceat
487 2842 666 2908 vobiscum
657 2865 780 2953 Jupgere
793 2865 929 2908 sensum.
1041 2827 1042 2897 l

159 2933 370 2997 immortalem
382 2936 701 3000 bominemfactnmsi
715 2939 854 3030 creditis,
867 2953 901 3000 et
915 2959 969 3001 nos

162 3027 343 3105 Credimus,
358 3031 497 3094 inciderit
512 3044 644 3093 mortem
656 3005 831 3114 peccando,
843 3053 985 3114 suamque

142 3173 144 3177 ,
161 3074 344 3208 Progenieul
359 3124 447 3248 culpa
460 3137 489 3186 et
502 3125 594 3188 letho
598 3125 764 3189 devinxerit
776 3147 928 3188 omnem.
1039 3147 1040 3231 p
