2172 3862
47 339 184 432 uplid.x
286 346 353 404 DE
386 352 493 403 DEO
527 351 621 402 11118.
654 353 708 402 tt:
872 340 929 414 tce

45 446 242 528 Paupertstis
257 458 342 506 erent
354 467 363 518 ς
376 445 458 508 coelis
466 445 588 508 extorsit
600 447 727 527 egestas,

47 542 145 622 Quod
155 540 257 601 voluit.
276 537 444 600 Nosturbe
464 559 553 620 rapax
566 537 850 620 ealcumusegenos,
879 596 881 600 Α

53 633 312 712 Conlerimusque
325 633 400 692 nihil
414 657 421 692 ι
438 631 537 694 fumun
550 631 801 713 spoliemusavari

48 727 232 806 Pauperiem
247 769 257 801 ‚
272 726 297 785 si
308 725 385 788 forte
397 727 473 788 seret
484 726 682 805 quodeunque
696 725 859 800 decorum,

49 818 269 899 Exspectamus
282 817 394 894 adhuc,
408 820 459 881 det
468 836 583 901 pauper
593 812 679 878 xenis
692 818 800 892 nobis,
823 885 825 890 ,

47 911 167 972 Artem
180 925 212 972 et
235 912 368 993 praedsru
382 913 500 992 potius:
514 914 552 974 de
563 911 666 972 nobile
684 927 799 992 pauper

47 1005 73 1064 J
74 1025 125 1066 arn
139 1006 231 1065 modo
243 1005 325 1068 dites
338 1019 423 1087 eget,
442 1006 495 1079 cui
504 1005 621 1068 confert
634 1005 863 1087 indigeriem,

48 1089 126 1158 Non
137 1097 194 1158 sibi
206 1098 399 1170 mendicans,
412 1099 495 1177 quod
507 1098 607 1158 divitis
620 1099 721 1158 usibus
732 1100 824 1158 addit.

94 1188 253 1269 Quidquid
260 1209 378 1272 agemus
386 1191 495 1251 adhuc
511 1189 653 1264 sceleris,
667 1190 858 1268 fraudisque,
879 1192 936 1252 do-

215 1282 296 1360 lique

51 1372 219 1453 Supplicio
232 1375 374 1456 dignum,
389 1375 490 1436 dissert
500 1374 609 1456 punire
622 1374 787 1456 benignus,
879 1389 882 1394 “

50 1465 117 1540 Ut,
131 1465 155 1526 si
167 1467 327 1546 pensitat,
342 1467 435 1550 magis
447 1467 601 1551 indulgere
617 1479 739 1547 paratus
753 1490 761 1538 3

52 1558 118 1637 Qui
130 1558 200 1622 facit
211 1560 358 1644 angelieas
369 1559 493 1644 flemma
504 1561 651 1642 crepitare
664 1561 815 1622 cohortes.

57 1651 142 1714 Num
156 1659 206 1734 pis
215 1654 302 1714 turba
313 1653 374 1714 Dei
386 1663 453 1714 sunt
466 1655 588 1736 spiritus
602 1655 705 1736 igneus
717 1655 836 1716 omnis:

57 1744 208 1824 Quamvis
216 1747 280 1826 ipse
294 1745 379 1808 Deus
388 1769 419 1808 se
433 1748 566 1829 prodidit
579 1746 791 1830 igneloquaei‚
822 1759 838 1768 ”
950 1825 954 1832 Ι

58 1837 142 1902 Curn
154 1840 240 1921 jubar
252 1841 378 1923 ignitum
389 1839 518 1904 Domini
535 1841 624 1900 rubus
635 1860 723 1920 asper
734 1841 879 1919 heberet,
943 1883 945 1892 ,

53 1931 93 1991 Et
101 1932 249 2014 lacrymas
262 1933 368 2014 populi
382 1953 438 2012 pro
452 1933 588 1991 libertate
599 1932 746 2012 gementis
779 1932 783 1939 ’

55 2023 182 2085 Diceret
190 2037 257 2084 ante
269 2045 356 2086 suum
370 2024 455 2084 Deus
469 2021 635 2084 ascendisse
647 2020 789 2081 tribunal.

55 2114 95 2176 Se
111 2128 211 2176 tamen
225 2118 348 2176 asseruit
358 2115 536 2176 sublimibus
556 2113 636 2182 alma
649 2125 779 2193 potestus

58 2207 258 2270 Descendisse
271 2209 369 2287 pulis,
384 2221 416 2268 ut
429 2229 494 2288 quse
511 2208 627 2290 eaptira
638 2206 774 2288 jacebat,

56 2299 171 2361 Libera
183 2301 270 2361 turbs
282 2300 359 2361 iuret
368 2344 378 2376 ‚
387 2300 516 2361 Domini
531 2300 644 2362 victura
658 2309 817 2378 superstes.

59 2391 137 2452 Mox
147 2403 199 2453 su'a
211 2393 378 2473 promissor
387 2385 514 2473 perfecit
530 2391 621 2454 verba
632 2391 747 2466 fidelis,

58 2481 251 2564 Excussoque
262 2489 332 2568 jugo
353 2487 470 2546 deduxit
481 2507 537 2566 per
548 2505 632 2546 mare
648 2485 793 2558 rubrum,
895 2542 897 2544 ,

61 2575 201 2640 Candida
211 2579 268 2639 dux
281 2578 375 2638 iuerat
392 2577 504 2652 nubes,
517 2576 705 2656 flammaeque
717 2578 858 2639 columna
872 2599 879 2649 ;

61 2669 219 2732 Fluctibus
232 2670 380 2749 aequoreis
390 2671 509 2752 gemina
523 2672 559 2731 de
571 2684 655 2753 parte
668 2671 783 2753 ligatis,

59 2763 95 2823 ln
104 2765 262 2843 scopulum
275 2763 372 2844 pelagi
385 2763 447 2843 jam
459 2783 520 2822 non
531 2763 708 2823 latrantibus
720 2763 827 2838 undis,

58 2855 232 2917 Transierat
243 2857 335 2918 salsos
349 2856 434 2937 ponti
448 2857 512 2916 sine
526 2854 639 2938 remige
653 2852 782 2931 fluctus,

58 2949 100 3011 Et
112 2951 237 3031 pedibus
249 2951 335 3012 siccis
348 2951 405 3011 iter
417 2963 460 3008 est
471 2948 574 3009 navale
589 2947 754 3029 peractum.

60 3042 234 3128 Laudapere
246 3043 350 3104 Deum
362 3041 492 3123 populus
504 3043 541 3102 de
554 3053 651 3101 morte
665 3052 839 3116 natantum,

69 3134 164 3196 Sexus
176 3149 302 3217 uterque
311 3135 382 3197 Deo
396 3135 510 3218 maguis
523 3135 555 3195 iu
569 3134 654 3195 laude
668 3133 784 3198 choreis
