2198 3844
53 268 171 354 μηδι.
259 277 732 342 caumeuenscuann.
902 287 940 350 δι

51 372 142 436 luter
152 388 185 436 ut
197 377 339 436 emeritus
352 377 499 440 residebat
510 381 574 459 jure
593 383 742 468 magister.

94 469 168 532 Nec
179 490 267 530 mora
276 477 289 549 (
297 492 368 549 quas
376 473 488 532 etenim
498 474 686 557 volitansper
697 490 837 561 tempora
848 503 943 546 mnn-
1038 500 1040 510 ·

224 565 279 623 dus

57 654 150 715 Novit
163 656 277 716 habere
290 677 389 718 moras
400 660 437 736 i)
451 681 518 721 usus
529 664 643 744 majore
656 665 796 746 juventa,

59 746 114 808 Sex
125 750 210 828 quasi
222 743 443 835 lustra'gerens‚
461 753 612 834 placidam
624 757 648 816 J
650 761 769 821 ordauis
780 765 817 823 ad
830 768 941 830 undam

59 840 170 917 Venit,
186 855 218 924 ut
231 843 380 925 acciperet
391 846 466 921 hoc,
479 851 560 928 quod
574 853 643 912 dare
658 869 779 915 venerat
793 858 871 938 ipse.

61 933 147 998 Hunc
160 936 301 1018 Baptista
313 953 420 1021 potens
434 956 464 1002 ut
475 943 549 1004 vidit
561 946 600 1006 ab
613 967 701 1009 amne
713 949 866 1029 Joannes,

58 1026 158 1106 Quem
170 1032 276 1092 matris
290 1035 361 1093 dum
374 1049 476 1097 ventre
492 1037 579 1114 latet,
593 1043 788 1123 nondumque
801 1061 917 1110 creatus
932 1074 934 1080 ¹

58 1119 216 1201 Senserat,
230 1127 366 1188 obstruso
377 1131 437 1210 jam
451 1143 522 1192 tuoe
533 1153 672 1195 sermone
685 1133 870 1218 Prophetes,

9 1213 10 1218 ’
58 1213 101 1275 Ut
111 1233 197 1278 muto
208 1220 344 1302 genitore
357 1220 469 1297 fluens,
483 1226 530 1286 cui
545 1248 670 1287 munera
684 1227 791 1311 linguae

59 1307 127 1372 Post
141 1313 218 1373 noni
229 1315 374 1376 taciturna
386 1318 436 1376 diu
447 1320 613 1400 spiramina
627 1322 739 1382 mensis

58 1404 145 1468 Parto
161 1409 327 1470 redduntur
338 1424 427 1486 nato,
442 1434 513 1473 mox
524 1415 664 1495 praedicat
678 1439 684 1474 :
698 1415 814 1500 Agnus·

56 1499 133 1564 Ecce
147 1501 226 1578 Dei,
241 1505 363 1566 veniens
374 1519 529 1588 peccatum
544 1508 649 1570 tollere
664 1513 779 1571 mundi.

56 1593 177 1658 Tollere
190 1619 260 1659 cum
270 1599 357 1673 dicit,
374 1603 453 1679 quod
466 1603 646 1677 nonhabet,
660 1603 718 1665 hoc
732 1605 806 1664 mihi
819 1607 896 1668 tollit
909 1633 917 1669 ε

56 1687 127 1751 Νοιι
142 1691 225 1750 mala
233 1705 265 1752 ut
278 1692 340 1772 ipse
352 1707 452 1776 gerat,
467 1697 518 1754 sed
534 1710 564 1756 ut
577 1697 640 1778 ipse
655 1699 793 1758 nocentia
807 1703 921 1780 perdat.

59 1783 199 1862 Qualiter
213 1786 244 1844 in
258 1787 372 1848 medias
386 1789 456 1848 dum
465 1779 517 1849 ,luri
530 1791 670 1870 praeclara
682 1792 820 1854 tenebras
864 1805 868 1808 “

58 1875 225 1954 Funditur,
240 1894 269 1940 et
280 1883 407 1961 proprio
418 1879 479 1943 uon
493 1883 636 1944 offuscata
648 1905 756 1946 sereno

56 1969 180 2034 Decutit
188 1974 321 2054 expulsas
331 1975 430 2036 illaesis
444 1976 572 2040 vultibus
585 1979 728 2052 umbras,

58 2063 106 2128 Sis
118 2067 231 2129 delicta
242 2068 345 2151 sugens
358 2069 498 2130 Salvator·
509 2081 610 2130 nostra
622 2070 757 2155 gerendo

56 2158 172 2238 Tersit,
187 2175 216 2222 et
229 2175 337 2223 attactu
350 2163 456 2244 procul
470 2183 645 2224 evanescere
657 2163 751 2244 jussit.

58 2252 143 2318 Tune
153 2257 229 2316 vada
241 2268 408 2316 torrentum
422 2256 548 2337 simplex
561 2255 707 2339 ingressus
721 2275 884 2337 aquarum,
955 2265 957 2270 ’
1044 2251 1052 2268 '

58 2347 134 2410 lose
147 2361 254 2410 cuneta
265 2349 342 2410 lavat
356 2362 464 2411 nostrae
477 2351 613 2433 contagia
625 2351 691 2411 vitae
701 2377 722 2426 ,s

57 2441 124 2524 lpse
139 2442 240 2518 nihil,
254 2445 334 2521 quod
346 2445 468 2525 perdat,
483 2443 596 2504 habeus
606 2487 616 2520 ,
628 2456 789 2522 sanctoque
798 2443 945 2524 liquentes
1032 2434 1037 2442 ¹

59 2533 200 2618 Corpore
213 2537 366 2598 mundavit
376 2537 494 2613 latices,
510 2536 706 2621 lymphasque
719 2537 820 2597 beavit

59 2629 211 2714 Gurgitis,
225 2643 255 2690 et
266 2630 397 2711 propriis
410 2631 537 2692 sacravit
548 2629 675 2689 flumina
690 2630 848 2691 membris.

59 2720 222 2784 Senserunt
235 2721 382 2784 elementa
393 2723 497 2784 Deum
508 2769 517 2800 ,
529 2743 612 2783 mare
626 2721 719 2804 sugit,
733 2735 762 2783 et
776 2723 840 2805 ipse

59 2814 202 2877 Jordanis
215 2815 319 2878 relluas
330 2838 449 2880 sursum
464 2817 611 2880 convertit
624 2816 656 2877 in
668 2816 771 2876 undas.

59 2908 201 2992 Namque
214 2909 366 2992 Propheta
375 2933 500 2994 canens,
511 2909 667 2992 Quidnam
677 2923 737 2987 est,
748 2931 831 2972 mare
843 2956 851 2988 ‚
863 2915 944 2993 quod

224 3003 316 3089 sugis,
333 3005 447 3087 inquit,
797 3065 803 3073 .

61 3096 101 3159 Et
113 3111 165 3176 tu,
178 3097 343 3178 sarranis,
356 3113 438 3186 retro
453 3098 523 3180 quia
537 3097 683 3162 subtrahis
696 3097 842 3158 amnem?
901 3101 903 3104 ’
