2126 3848
5 349 113 412 ..¹555.
235 355 479 409 nrsronrn
512 355 597 409 nin
629 357 650 410 r:
825 345 886 410 335

5 446 200 535 ton'patinir
212 450 419 512 mensuratim
432 493 441 526 ‚
453 471 492 513 ne
503 451 590 533 plura
600 451 726 531 loeutus,

5 546 142 609 uveniat
151 544 380 616 dixisseminus3
396 543 434 606 sit
443 565 514 606 eura
522 545 668 608 ministris

5 639 156 704 mitium
170 637 280 698 librare
292 657 393 710 snum;
406 657 466 718 quo
478 638 572 700 laudis
584 639 695 702 amictu

5 733 99 796 lunc
111 734 218 793 deceat
229 731 330 792 lucere
343 730 486 822 chorum,
498 751 589 812 quern
602 733 743 818 mysticus
755 738 830 796 ordo

5 827 178 890 :onsecrat
187 823 218 883 in
230 842 377 899 numeru,
388 825 436 885 eui
447 825 518 884 dant
530 825 817 904 contenebratam,

5 917 199 981 Promissum
209 916 334 979 servabo
346 918 491 993 modum,
505 918 684 982 venerabilis
696 921 764 982 orbi

5 1011 114 1077 Coetus
124 1009 184 1070 ait:
196 1009 280 1071 verbi
285 1009 386 1090 potins
393 1028 449 1070 uos
463 1013 602 1073 convenit
610 1034 717 1076 omnes

5 1107 114 1187 Quam
122 1121 229 1164 mense
239 1115 358 1183 captare
371 1103 471 1176 cibos;
484 1122 503 1163 ο
514 1103 610 1186 gloria
620 1106 702 1167 dives

6 1197 85 1258 Oris
97 1193 274 1278 apostolici!
288 1215 441 1274 nunquam
452 1197 627 1277 permittere
641 1197 764 1278 plebem

7 1289 171 1350 Virtutum
184 1288 293 1348 sentire
300 1287 430 1363 semem,
443 1290 577 1369 dispersa
588 1288 691 1350 talenti

8 1382 163 1444 Crescere
174 1399 292 1442 summa
298 1379 391 1457 solet,
404 1381 564 1443 commissa
575 1381 702 1464 pecunia
710 1381 816 1466 linguae

6 1474 183 1556 Displicuit
196 1493 264 1535 eunt
276 1472 425 1546 sulafuit3
440 1474 522 1536 locus
535 1475 647 1538 indicat
660 1476 715 1537 iste

11 1568 113 1647 Quod
125 1565 255 1628 meliora
266 1567 331 1628 rudi
344 1559 402 1628 sint
415 1568 530 1650 populo
543 1569 655 1631 fereula
668 1570 777 1631 mentis

13 1663 122 1743 Quam
135 1659 208 1721 fusae
219 1681 274 1740 per
284 1662 421 1722 membra
434 1663 541 1743 dapes,
555 1663 692 1744 lauteque
705 1663 837 1746 peritum

12 1755 142 1816 Nutriat
153 1753 307 1835 ingenium
317 1754 404 1824 uerbi
417 1754 567 1838 pinguedo
579 1757 711 1838 superni.

14 1849 44 1910 N
48 1867 102 1910 am
114 1845 188 1928 qnid
202 1865 355 1926 corporeae
365 1860 495 1936 prosunt
506 1847 649 1912 alimenta
661 1849 768 1933 saginae

13 1940 181 2006 Esuriente
192 1939 313 2000 anima?
324 1941 409 2022 eujus
417 1942 532 2022 jejunia
540 1944 622 2022 patei

18 2034 154 2116 Semper
167 2032 205 2094 ub
218 2051 271 2092 ore
281 2032 384 2108 eleuet,
397 2053 532 2095 mensum
549 2032 746 2095 attendamus
759 2031 796 2092 ad
809 2029 893 2091 illam

19 2127 180 2190 Uberibus
194 2125 313 2202 verbis,
327 2127 364 2187 ad
377 2146 468 2207 quarn
480 2127 605 2190 conviva
618 2125 767 2188 recumbit

22 2221 91 2304 Qui
104 2220 194 2284 vestis
207 2220 336 2282 caudore
348 2219 440 2297 nitet,
453 2233 485 2281 ut
498 2219 593 2284 fulcra
603 2220 691 2282 beata

22 2315 157 2375 Deserat
168 2310 329 2376 abstractus
338 2313 471 2391 quisquis
482 2313 627 2373 deformis
639 2310 678 2372 ad
690 2310 774 2372 illam

24 2403 161 2485 Eloquia
174 2402 313 2466 sordente
326 2405 425 2480 venit,
441 2403 517 2465 ferat
530 2423 596 2467 esca
608 2403 732 2466 salutem

26 2497 231 2582 Progrediens
242 2496 278 2557 de
289 2515 368 2578 pane
382 2496 446 2578 poli
457 2497 524 2580 gula
537 2498 668 2580 pectoris
680 2498 780 2579 ipsum

30 2592 269 2669 nubiumque
280 2590 374 2651 animi
386 2589 478 2672 plenu
490 2604 605 2674 gustare
620 2589 720 2672 palato
746 2597 749 2600 '

31 2688 163 2750 lnterior
173 2684 291 2748 festinet
302 2684 413 2760 bomo,
428 2705 466 2746 ne
479 2684 568 2746 vilior
583 2673 659 2745 esset

33 2779 132 2844 Causa
143 2777 246 2840 relicta
258 2791 359 2838 tamen
370 2777 457 2839 claris
469 2779 621 2840 tractanda
635 2773 780 2834 ministris

34 2873 195 2947 Creditur,
210 2883 240 2931 et
252 2890 413 2932 nnmerum
424 2871 519 2932 tenuit
530 2869 661 2951 pretiosa
670 2885 845 2948 supernum.

74 2966 195 3028 Emicat
205 2963 275 3025 hinc
289 2961 475 3045 Stephanus,
490 2963 664 3046 primusque
672 2959 704 3021 in
717 2979 811 3046 agone
825 2980 916 3023 coro-

200 3076 272 3118 nam
583 3087 586 3092 ·

36 3150 285 3216 Numisianam
296 3149 403 3227 habet,
418 3149 455 3243 (ie
468 3166 528 3228 quo
541 3137 706 3230 prenuntia
716 3126 834 3229 palme.
848 3169 852 3175 ·
