2102 3846
12 363 39 402 v.
59 357 146 424 107.
232 351 502 407 POEMATUM
527 355 609 409 ΜΒ.
638 353 696 409 lv.
864 349 921 431 159

57 447 153 508 Haec
163 457 231 506 sunt
243 445 413 528 priscorum
426 466 490 525 qnae
503 447 670 526 denterrore
682 450 833 535 gigantum

14 539 183 604 Carmine
196 541 324 600 mentito
338 537 427 601 Graii
440 540 576 602 cecinere
587 555 694 623 poetae.

9 633 61 696 Et
74 648 186 696 tamen
200 633 304 718 ausiaci
319 632 413 693 voluit
424 637 606 697 contendere
617 655 717 720 pogna

15 729 173 809 Quisque
183 727 307 791 rebellis
320 739 398 800 erat3
413 727 463 808 qui
474 749 543 791 cum
555 729 717 814 confligere
726 731 794 793 telis

16 821 107 884 Non
119 823 234 904 potuit,
248 821 332 883 saevis
343 823 483 904 concepit
497 823 601 905 praelia
613 825 699 896 rotis.

15 915 191 978 Montibus
203 917 361 997 impositos
372 914 415 977 las
425 935 488 977 non
502 931 545 978 est
556 919 678 980 credere
691 931 827 997 montes,

15 1009 103 1074 Hoc
115 1025 217 1072 mmcn
232 1021 262 1071 ct
275 1010 419 1092 deinceps
432 1006 502 1072 illos
517 1023 645 1073 tentasse
657 1013 771 1094 putabo
783 1049 797 1089 ‚-

14 1104 94 1184 Qui
108 1117 214 1167 coctos
224 1104 350 1177 lateres,
366 1104 507 1184 lentoque
521 1105 671 1167 bitumine
683 1109 821 1188 junctos,

15 1198 61 1259 ln
76 1200 211 1260 sublime
223 1199 279 1258 rati
293 1198 433 1272 manibus
442 1199 486 1260 sic
498 1219 587 1278 posse
600 1199 739 1280 superbis

19 1289 178 1367 sustolli,
194 1305 223 1354 et
237 1293 329 1354 celsas
341 1292 373 1352 in
388 1293 486 1353 sidera
499 1313 620 1374 surgere
630 1292 746 1352 moles:
780 1365 783 1368 Ι

19 1383 113 1448 Cum
127 1387 241 1448 fureret
256 1385 384 1446 mortale
398 1403 509 1468 genus,
525 1405 667 1472 cassoque
679 1385 783 1447 labore
830 1427 834 1437 ·

18 1477 121 1542 Irrita
134 1481 313 1542 transcensis
326 1491 462 1541 cementa
476 1479 601 1539 inferret
615 1479 649 1538 in
662 1479 755 1540 altum

21 1574 196 1650 Nubibus,
211 1587 240 1634 et
254 1573 389 1656 refugum
405 1584 584 1652 sequeretur
597 1573 736 1641 machina
749 1573 873 1650 coelum,

24 1666 108 1728 Non
124 1670 209 1749 prins
224 1667 387 1742 absistens,
401 1665 513 1726 subitas
525 1667 675 1728 discordia
688 1667 803 1752 linguas

25 1761 138 1840 Quam
153 1764 256 1834 daret,
272 1775 301 1820 et
314 1760 412 1820 varius
426 1760 623 1821 confunderet
637 1763 742 1828 omnia
753 1780 864 1822 sermo.

57 1854 161 1916 -Hinc
170 1874 307 1934 sparsum
317 1853 431 1926 foedus,
444 1853 533 1914 scissa
544 1855 586 1915 sic
598 1852 663 1935 lege
675 1855 819 1932 loquendi

26 1947 223 2010 Consensum
235 1946 383 2010 scelernm
397 1947 514 2007 turbata
525 1947 669 2027 superbia
684 1947 783 2026 rupit,

33 2041 119 2104 Dum
130 2065 162 2105 se
176 2043 302 2122 quisque
316 2041 377 2101 suis
387 2041 504 2121 ,possit
513 2061 580 2120 quae
592 2059 735 2114 noscere,
748 2039 848 2098 verbis

32 2137 196 2222 Aggregat‚
212 2149 301 2216 atque
315 2153 407 2194 novas
420 2135 554 2212 seqnitur
566 2153 639 2236 gens
650 2148 774 2211 quaque
786 2131 929 2212 loquelas.

36 2229 115 2293 Sic·
106 2242 283 2310 interruptae
297 2229 452 2308 perierunt
466 2224 632 2287 culmina'
613 2243 734 2306 massae‚

35 2323 216 2416 Effectnquc
228 2341 333 2384 carens
346 2320 471 2384 cessavit
484 2319 515 2378 in
526 2319 635 2379 retbere
649 2319 749 2379 turris.

39 2415 116 2480 Haec
127 2431 198 2498 post
212 2416 368 2476 diluvium.
384 2414 467 2474 Nam
482 2424 605 2492 quantas
616 2426 755 2494 tempore
769 2413 869 2496 prisco

38 2509 145 2572 Pressa
156 2509 306 2593 giganteas
318 2507 405 2569 tellus
418 2507 591 2586 produxerit
605 2525 707 2581 arces,

38 2604 137 2684 Atque
154 2603 297 2667 lacessitis
313 2611 522 2681 contemptum
536 2599 697 2660 immiserit
711 2599 813 2675 astris,

40 2699 237 2782 Abstergente
250 2695 322 2757 Deo
335 2709 378 2757 sat
391 2709 492 2756 nostra
503 2693 621 2754 silentia
635 2694 787 2751 damnant.

80 2789 237 2854 Cernebat
250 2791 367 2874 patiens
379 2793 441 2872 jam
456 2787 593 2848 dudum
585 2805 687 2846 insana
701 2779 864 2849 frementes

37 2885 67 2946 Γ
67 2907 204 2947 errarum
218 2885 349 2967 populos
360 2883 522 2944 hominnm
535 2897 696 2960 rerumque
710 2893 847 2957 creator,

39 2978 258 3062 Exspectans
235 3001 260 3040 st
274 2999 365 3059 quern
378 2977 447 3040 vani
461 2975 612 3038 consortia
624 2973 728 3034 mundi

39 3071 247 3155 Linquentem
261 3071 372 3135 melior
384 3075 509 3133 moneat
525 3069 700 3150 resipiscere
712 3087 791 3129 cura.

42 3163 101 3228 set
114 3171 291 3251 conjuratus
300 3179 461 3249 postquam
474 3183 651 3246 percurrere
664 3171 795 3240 coeptum
