2198 3844
465 323 700 412 CAELII

341 646 875 771 SEDULII‘

200 949 543 1080 onnururs'
583 1007 966 1088 nisenus-rs

244 1376 248 1382 ,
326 1332 843 1401 nuuusucuunus,

144 1625 349 1707 Erroneam
360 1645 596 1728 primogenitum
607 1647 782 1710 saeuissimus
793 1646 896 1729 anguis

144 1739 301 1822 Florigera
313 1740 349 1800 de
363 1741 432 1800 sede
446 1741 560 1816 virum,
574 1741 736 1822 blandique
750 1739 866 1820 saporis

144 1833 299 1894 llleeebris
312 1833 426 1894 lethum
441 1835 551 1894 misero
566 1847 699 1916 portarat
712 1854 859 1894 amarum.

145 1925 215 1988 Nee
225 1926 305 1988 solus
318 1929 458 1987 meritam
472 1941 671 2009 praesumptor
684 1940 815 1988 senserat
827 1928 905 1988 iram

145 2019 270 2082 Mortali
284 2023 338 2082 sub
352 2022 414 2105 lege
424 2024 540 2104 jacens,
564 2023 617 2082 sed
631 2042 752 2102 prorsus
765 2023 802 2082 ab
817 2021 884 2102 ipso
1093 2085 1094 2108 q

146 2113 324 2176 Humanum
337 2116 426 2176 simul
440 2137 530 2176 omne
544 2135 646 2198 genus.
661 2113 746 2176 Heu!
763 2115 851 2174 noxia
864 2113 991 2194 conjux,
1093 2109 1094 2170 t

142 2206 244 2268 Noxia
252 2223 283 2269 tu
296 2212 402 2288 conjux
415 2211 526 2291 magis,
541 2229 579 2268 an
593 2211 683 2270 draco
697 2207 830 2288 perfidus
840 2207 910 2267 ille?
1093 2199 1094 2210 ¹

145 2301 281 2363 Perfidus
294 2302 344 2361 ille
357 2304 465 2378 draeo,
480 2303 532 2361 sed
543 2315 574 2360 tu
588 2323 705 2382 quoque
723 2302 811 2375 noxia
824 2302 938 2381 conjux.

145 2394 229 2458 Proh
241 2396 341 2456 dolor!
355 2397 459 2456 aetemi
481 2397 597 2456 fuerant
619 2392 850 2458 duo.C‘rescere
864 2408 1027 2476 postquam
1093 2383 1094 2388 ¹

146 2487 248 2570 Coepit
261 2490 363 2572 origo,
376 2485 690 2569 perit‚'clademquea
710 2491 826 2550 semine
835 2488 972 2568 sumpsit.
1093 2491 1094 2508 ¹

146 2581 231 2662 Quid
245 2603 403 2644 numerosa
413 2583 494 2657 dies,
509 2583 583 2662 quid
593 2587 732 2664 'tempore
744 2584 886 2663 proderat
900 2581 952 2642 ilto

147 2675 281 2737 Cernere
297 2691 462 2760 nongentos
474 2677 552 2738 ultra
565 2677 692 2738 feliciter
705 2696 819 2752 anuos,
1093 2745 1094 2760 χ

146 2767 385 2852 progeniemque
400 2791 506 2831 senum
519 2772 668 2832 decimam
687 2783 821 2850 spectare
834 2782 997 2851 nepotum,
1093 2803 1094 2814 κ

146 2861 277 2941 Jamque
291 2883 377 2924 suum
391 2864 506 2924 nescire
520 2885 629 2947 genus,
644 2884 714 2924 cum
726 2864 802 2925 vieta
814 2864 962 2945 supremis

147 2954 312 3031 Cursibus,
325 2969 462 3017 extremae
474 2978 538 3018 sors
550 2957 754 3037 irreparabilis
766 2957 864 3033 horu,

147 3047 220 3110 Sera
233 3050 321 3123 lieet,
336 3065 459 3111 ventura
473 3051 569 3140 soret,
586 3051 765 3134 longumque
779 3072 834 3132 per
844 3072 941 3118 aevuru

144 3141 216 3206 Vita
228 3143 327 3208 brevis
339 3143 382 3207 nil
393 3165 455 3208 esse
468 3146 519 3208 diu
531 3165 600 3236 eum
611 3145 670 3210 tine
682 3145 797 3212 doleret
809 3147 823 3212 ἓ
