2198 3844
53 371 146 434 ’.ιφ
276 347 730 442 caanauuascuacc.
901 361 940 435 27·

53 453 122 516 Nee
133 455 278 516 reducem
291 475 359 535 spes
371 455 461 516 ferret
475 476 583 536 opem,
605 456 755 539 primique
768 455 940 538 sepulcrum

55 545 228 631 Terrigenae
242 569 319 610 caeca
332 549 468 610 sorberet
480 549 567 612 sance
580 564 705 632 nepotes
718 573 725 608 a
755 589 760 594 -

57 640 97 702 Ni
111 644 178 722 pius
192 642 244 702 ille
254 655 354 717 sator,
375 643 476 724 cuipas
490 643 642 725 ignoscere
656 643 834 726 promptus,

58 733 196 798 Reddere
208 735 352 810 difficilis,
371 755 422 796 sua
435 753 472 796 ne
484 737 598 798 factura
606 737 737 817 periret,

60 827 194 908 Quaeque
205 828 277 889 Deo
289 828 396 890 similis
409 830 510 890 vivens
521 829 632 890 astabat
646 823 765 914 imago,

62 920 221 983 Dissimilis
234 923 272 983 de
286 935 382 982 morte
396 922 492 999 soret,
504 923 620 984 veniale
635 924 774 984 misertus

57 1015 235 1078 Instauraret
249 1037 340 1098 opus,
355 1017 513 1097 pomisque
526 1028 637 1078 vetaret
651 1018 784 1093 acerbis,

59 1109 131 1188 Quae
145 1113 290 1171 mandere
303 1123 416 1190 patres,
431 1111 758 1174 natorumborreseere
771 1111 895 1187 dentes,

57 1204 252 1284 Donaretquc
263 1205 321 1265 suis
334 1225 454 1284 semper
468 1203 621 1284 placatus,
632 1218 663 1263 ut
678 1205 763 1264 nude·

61 1297 154 1380 Culpa
168 1299 252 1359 dedit
265 1310 413 1372 mortem,
427 1299 618 1378 pietasdaret
631 1299 701 1358 inde
719 1297 854 1375 salutem,

59 1392 98 1452 Et
109 1394 190 1454 reiut
203 1415 219 1453 e
233 1393 326 1474 spinis
340 1391 438 1452 moitis
452 1411 521 1452 rosa
534 1391 625 1474 surgit
639 1393 750 1467 acutis,

59 1484 125 1561 Nil,
135 1486 324 1566 quodlaedat,
333 1485 459 1561 habens,
469 1471 655 1565 matremque
665 1487 934 1548 obscurathouore:

61 1577 109 1642 sic
124 1579 195 1640 Erae
207 1581 245 1640 de
257 1580 350 1660 stirpe
360 1601 443 1642 sacra
454 1581 591 1640 veniente
606 1579 722 1655 Maria,
944 1575 947 1583 ⁴

58 1670 326 1756 Virginisantiquae
340 1675 453 1737 facinus
465 1673 541 1734 nova
554 1676 636 1756 virgo
650 1674 758 1754 piaret.
818 1689 822 1693 ’
852 1703 857 1712 ·

59 1765 101 1827 Ut
113 1769 259 1846 quoniam
273 1783 374 1828 natura
390 1768 474 1847 prior
488 1770 587 1828 vitiata
600 1768 715 1849 jacebat

59 1859 118 1922 Sub
131 1863 249 1928 ditione
261 1863 362 1938 necis,
377 1861 498 1924 Christo
507 1873 666 1935 nascente,
684 1859 800 1923 renasci

59 1952 161 2017 Posset
172 1956 287 2031 bomo,
301 1969 331 2016 et
344 1957 450 2016 veteris
462 1956 610 2017 maculam
622 1957 776 2036 deponere
789 1955 898 2015 carnis.

98 2051 175 2112 Haec
187 2065 310 2114 ventura
324 2072 408 2111 senes
421 2065 579 2130 postquam
593 2051 693 2110 dixere
710 2048 887 2128 Prophetae,

59 2143 187 2227 Angelus
200 2146 316 2206 intactae
329 2144 436 2206 cecinit
448 2157 609 2224 properata
626 2143 752 2215 Mariae,

61 2235 98 2296 Et
111 2239 224 2301 dictum
238 2237 380 2299 comitata
393 2237 483 2310 fides,
499 2250 674 2316 uterumque
686 2233 797 2316 puellae
846 2257 849 2264 ’

62 2328 220 2410 Sidereum¹
230 2349 300 2390 mox
310 2330 417 2412 impiet
429 2351 522 2404 onus,
538 2333 697 2408 rerumque
711 2341 828 2390 creator
842 2357 847 2365 ·

60 2422 87 2484 N
91 2425 210 2486 ascendi
222 2425 276 2484 sub
290 2423 353 2506 lege
367 2423 439 2493 suit3
453 2429 552 2504 stupet
561 2424 673 2484 innuba
685 2435 785 2500 teqsos

59 2515 151 2601 Virgo
163 2519 266 2592 sinus,
280 2519 443 2600 gaudetque
455 2537 541 2576 suum
553 2517 685 2598 paritura
696 2527 865 2597 parentem.

96 2610 230 2690 Jamque
245 2629 357 2673 norem
368 2609 476 2691 lapsis,
491 2611 601 2672 decimi
615 2613 652 2670 do
665 2609 771 2670 limine
784 2607 896 2688 meneis

60 2700 203 2786 Fulgebat
215 2717 327 2766 sacrata
340 2704 419 2776 dies,
438 2724 507 2764 cum
521 2704 634 2785 virgine
648 2705 708 2763 feta

61 2793 244 2859 Promissum
256 2798 420 2879 complevit
432 2818 507 2878 opus
520 2821 527 2857 :
541 2796 680 2858 Verbum
695 2815 764 2858 caro
778 2796 908 2870 factum,

59 2886 92 2950 lu
105 2892 196 2952 nobis'
205 2891 338 2952 hahitare
352 2891 473 2960 volema
489 2891 712 2952 tum-maximus
726 2889 823 2952 infans
845 2931 848 2936 -

60 2979 237 3044 lutemerata
249 2985 294 3050 sui
302 3004 485 3046 »conservans
498 2985 610 3047 uiscera
622 2983 750 3063 templi,

60 3072 185 3138 lllaesum
199 3078 331 3138 vacuavit
344 3077 419 3152 iter,
434 3097 492 3158 pro
506 3077 618 3160 virgine
631 3079 711 3138 testis
735 3077 736 3081 ’

61 3163 162 3236 Partus
176 3172 271 3250 adest,
287 3170 385 3236 clausa
398 3159 585 3258 ingrediens,
598 3185 627 3234 et
641 3172 739 3236 clausa
753 3167 934 3247 relinquens.
