2106 3846
16 285 108 368 ,ὂψ
218 297 658 360 ΡοΕΜΑΤυΜιιΒ.ν.
837 318 896 384 ¹99·

16 391 76 470 {uis
90 391 184 452 Deus
195 409 215 450 a
227 392 327 472 prisco
339 394 494 474 detorquet
507 397 627 458 cardine
640 400 786 462 mundum

16 505 76 566 ege
89 504 195 559 nova,
211 499 363 566 mutatque
377 487 474 562 vices,
488 503 517 550 ct
532 491 650 551 condita
661 493 783 554 turbat?

16 575 80 636 iam
95 579 122 638 si
138 591 277 638 servatur
291 579 379 639 rebus
391 593 496 641 natura
509 584 632 659 creatis,
682 655 685 662 ι

16 669 213 730 donstriserae
228 692 292 748 quae
303 691 389 732 causa
400 673 477 734 viae?
488 673 562 751 quid
572 675 702 754 denique
716 691 819 754 restet,

16 761 36 821 ii
48 757 133 824 mare
149 765 294 824 transitur
305 771 423 848 gres‘su,
437 767 495 826 uisi
507 768 631 828 navibus
644 787 714 830 arra

16 853 181 933 iulceutur‚
194 856 363 936 coelumque
373 879 425 918 suo
440 861 576 920 decurrat
589 860 626 921 ab
640 880 709 937 axe,

18 971 37 1008 n
46 971 176 1031 superos
190 951 306 1011 inferna
316 951 432 1027 levent,
448 951 532 1034 plaga
545 953 656 1013 fervida
671 955 738 1022 ooeli

16 1043 121 1124 tigeat‚
137 1042 270 1104 afflatam
284 1046 442 1106 succendat
453 1047 587 1126 scorpius
599 1065 697 1107 ursam
709 1049 723 1107 ,Ρ

16 1133 77 1198 darc
89 1137 150 1198 nisi
161 1137 301 1198 confusus
314 1125 602 1198 rerumsubvertertt
614 1141 708 1213 ordo,

16 1227 77 1287 ton
88 1231 163 1292 duce
177 1250 228 1290 me
240 1231 395 1310 quisquam
407 1250 517 1292 saevum
527 1232 717 1296 descenderit
726 1251 844 1312 aequor,

16 1316 49 1378 iit
61 1307 198 1403 suspecta
211 1322 287 1382 mihi
303 1344 368 1400 quae
380 1323 486 1410 semita
498 1321 598 1404 dirigit
609 1322 735 1382 hostem.

16 1411 83 1472 tiam
96 1416 121 1475 si
135 1405 219 1476 belia
230 1415 301 1477 velit
314 1415 426 1476 librans
438 1414 562 1495 aequalia
574 1435 705 1490 numen,

16 1501 102 1568 dbice
114 1521 232 1570 servata
242 1509 397 1592 fugitivum
411 1509 554 1571 clauserat
564 1527 679 1590 agmen.

16 1597 93 1664 Nunc
102 1603 226 1677 abeant,
234 1615 406 1682 tantumque
416 1623 504 1684 vagos
517 1615 708 1664 suamoustra
717 1603 883 1684 sequautur.

16 1689 71 1754 Nec
82 1698 152 1756 satis
161 1695 348 1776 amplector,
362 1696 475 1756 siccum
486 1697 680 1757 circumvenit
691 1696 749 1757 alte
828 1729 843 1780 '·.

16 1782 97 1860 Quod
109 1789 250 1871 pelagus,
265 1790 346 1854 nudo
360 1787 458 1871 celeus
469 1789 640 1850 discrimina
653 1789 755 1849 fundo.

16 1873 124 1960 Excipit
135 1881 197 1944 haec
209 1884 316 1944 ardens
329 1903 397 1943 cum
409 1881 555 1944 seditione
564 1880 726 1955 tumultus,

17 1965 200 2055 instantisque
213 1976 308 2036 lateus
320 1989 402 2057 urget
414 1975 560 2036 sententia
572 1973 653 2034 lethi.
683 1973 694 1988 ‘

55 2065 165 2130 Vicerat
172 2088 348 2148 ,aequoream
361 2069 486 2148 pedibus
499 2067 588 2147 pletis
598 2065 708 2148 inclyta
717 2065 844 2143 vallem,

17 2157 140 2242 Gurgitis
148 2175 181 2222 et
192 2163 279 2224 vacui
293 2180 421 2222 convexa
431 2159 585 2243 volum-ina
597 2157 753 2236 linquens,

17 2249 84 2312 Post
94 2255 241 2316 baratrum
255 2273 375 2334 superas
388 2253 546 2314 scandebat
556 2250 656 2311 littore
667 2262 770 2313 terras.

18 2341 139 2407 Effertur
151 2349 228 2430 nigri
240 2349 297 2407 dux
309 2346 451 2429 agminis,
465 2357 496 2405 et
510 2343 699 2410 Pharaonem

18 2434 63 2496 ira
73 2441 155 2518 subit,
168 2441 297 2530 proprio
309 2439 470 2503 vocitatum
481 2438 606 2498 nomine
619 2433 801 2498 Cenchrem.

18 2529 160 2612 Arripiunt
173 2533 287 2615 pariter
298 2531 419 2593 reserati
433 2551 562 2612 concava
572 2530 675 2612 ponti,

17 2620 206 2707 luvaduutque
218 2627 306 2690 viam.
323 2624 409 2703 Quid
420 2645 481 2684 nou
494 2625 577 2685 furor
590 2625 695 2684 audeat
708 2623 835 2684 amens?

18 2713 90 2778 Hinc
100 2721 231 2800 equitum
244 2739 313 2800 pars
327 2737 432 2800 agmen
446 2717 522 2800 agit,
538 2736 607 2796 pars
621 2715 691 2774 iude
706 2714 802 2774 citatis

18 2805 58 2867 {re
67 2811 141 2889 jubet
150 2811 278 2872 stimulis
288 2811 405 2892 rapidas
415 2830 506 2890 super
517 2827 587 2868 arva
600 2805 765 2886 quadrigas.

18 2897 54 2958 Ut
63 2905 191 2966 medium
202 2905 283 2966 veuit
293 2904 433 2966 frendens
445 2901 589 2980 equitatus
600 2899 630 2958 in
643 2917 745 2976 aequor
753 2942 774 2992 ².

19 2991 184 3078 decoratque
195 3017 297 3080 moras
308 3011 368 3057 tam
380 2995 431 3056 lati
444 2993 564 3078 gurgitis
575 2992 681 3052 ardeus

19 3081 57 3146 ira
69 3090 178 3169 virum,
192 3092 295 3152 tremit
306 3103 418 3154 arctato
432 3081 501 3170 ¹pars
514 3086 609 3157 altera
619 3085 733 3146 mundo
747 3106 755 3144 c
802 3175 805 3186 .
