2172 3862
16 343 151 416 ν.584.
262 354 687 412 υΕυΕοιιΒ.ιι.
856 345 917 422 455

20 453 124 514 Idem
135 469 258 530 semper
271 449 347 525 eris,
368 453 449 531 quod
462 466 551 530 stes,
566 453 647 532 qnod
657 464 686 512 et
697 463 765 513 aute
777 452 877 529 suisti,

20 545 88 606 Nil
104 545 236 617 addens,
251 542 426 605 minuensve
439 545 494 606 tibi
506 544 706 608 crescentibus
718 547 813 606 anuis.

21 638 195 718 Tempora
206 647 372 712 mutantur,
392 649 421 697 te
434 645 587 718 nunquam
599 637 698 700 secula
711 651 826 699 mutant
836 682 856 713 ,-

25 729 174 811 Qualem
187 728 285 809 prima
296 728 379 804 dies,
394 728 485 791 talem
501 730 591 792 simul
603 730 708 792 ultima
721 741 833 793 noscet.

25 824 120 887 Cum
131 836 234 882 teuon
247 835 390 902 caperent
402 823 487 900 coeli,
507 837 671 904 terraque,
687 824 873 903 fretumque,
954 873 958 894 ,

22 917 127 978 Aeris
136 927 168 975 et
179 914 308 994 spatium
319 957 328 989 ‚
341 917 464 978 modico
476 928 506 977 te
517 917 608 978 eorde
621 917 745 997 reponis
835 925 840 932 '

24 1007 175 1070 Pectoris
184 1006 327 1082 hnmani,
342 1021 505 1088 conceptus
517 1020 619 1069 mente
632 1007 723 1069 fideti.

23 1100 185 1183 Exaudis‚
205 1101 285 1178 quod
297 1098 397 1182 lingua
409 1113 486 1162 tacet
496 1101 551 1161 snb
563 1101 654 1162 corde
667 1100 805 1179 loquaci,

24 1195 115 1254 Ante
127 1191 226 1251 sutura
238 1191 338 1267 vides,
352 1213 446 1273 penes
456 1206 487 1252 et
496 1204 525 1253 te
540 1192 623 1252 nulla
635 1192 750 1267 sutura,

26 1284 105 1346 Sint
123 1283 213 1359 licet,
230 1279 455 1365 Omnipotens,
470 1284 627 1366 praesentia
638 1297 743 1360 cuncta
757 1283 913 1359 videntur,

24 1378 96 1439 Aut
105 1388 252 1438 transacta
264 1378 358 1460 magis
368 1378 458 1439 nobis
468 1389 592 1439 ventura
604 1390 750 1439 creantur.

27 1468 85 1532 Sic
99 1481 274 1551 peccaturos
285 1469 425 1530 homines
438 1482 470 1531 tn
482 1467 613 1550 Spiritus
624 1481 728 1532 auctor

26 1563 115 1624 Ante
128 1560 232 1624 ridens
244 1563 379 1642 primum
391 1561 594 1639 medicinam,
610 1574 729 1638 sancte,
745 1561 872 1642 parasti,

27 1653 141 1736 Quam
152 1654 445 1716 facereshominem:
457 1655 639 1737 indulgentia
648 1668 791 1737 prompta
799 1666 914 1716 reatum

27 1747 206 1822 Praesit,
223 1759 253 1809 et
265 1747 379 1810 facinus
392 1748 480 1809 venia
492 1749 636 1828 praecedit
647 1748 796 1828 iniquum.

76 1836 216 1901 Christus
230 1839 312 1902 enim
322 1841 407 1900 datus
416 1839 572 1916 estnobis,
586 1848 654 1919 spes
666 1858 725 1900 una
735 1839 854 1914 salutis,

26 1934 99 2015 Qui
111 1945 213 1994 nostra
225 1933 274 1995 hic
285 1947 408 2016 peccata
418 1933 496 1995 lavet
505 1933 573 2014 pius
585 1952 675 1993 amne
688 1931 820 1992 cruoris:

25 2025 70 2086 Et
81 2025 155 2087 licet
167 2027 232 2106 ipse
243 2024 473 2101 serat'maculas‚
489 2037 519 2086 et
530 2024 658 2086 crimina
675 2035 797 2096 nostra,

28 2116 246 2180 Immaculatus
256 2119 338 2178 adest
350 2131 453 2179 tamen
468 2129 607 2200 agnns‚et
618 2115 723 2179 unicus
736 2115 831 2176 haeres

27 2209 164 2293 Semper
177 2211 303 2272 viventis
314 2255 323 2286 ‚
336 2211 593 2293 semperrictums
606 2221 636 2270 et
649 2208 724 2289 ipse.

26 2301 174 2386 Largitur
185 2315 305 2382 peccata
317 2304 376 2362 reis
388 2303 533 2364 sinevoce
547 2312 665 2384 rogatus

27 2391 169 2455 Pectoris
179 2393 288 2455 ass'ectu
303 2404 438 2468 ‚secreta
449 2405 569 2468 mente,
585 2393 662 2466 fide,
675 2410 738 2471 spe.

29 2484 114 2549 Cum
126 2486 165 2546 sit
177 2485 288 2565 ubique
300 2485 405 2559 Dens,
419 2505 541 2566 semper
549 2497 689 2566 proestare
702 2495 839 2564 paratus,

28 2577 161 2638 Tardius
172 2577 336 2658 accipimus
347 2576 421 2640 heu!
437 2590 541 2637 nostro
553 2578 645 2638 corde
657 2576 778 2638 morati.

29 2667 173 2732 Oderunt
185 2671 236 2751 pia
248 2677 318 2732 vota
330 2657 449 2746 moras,
464 2669 586 2730 festinus
599 2671 740 2749 adoptat,

29 2762 78 2822 Ut
88 2773 226 2844 praestet,
240 2762 343 2843 siquae
355 2781 411 2822 nos
424 2774 528 2844 purget
540 2781 626 2822 causa
640 2760 788 2820 morandi.

68 2856 207 2917 Arbitrio
224 2857 325 2936 posuit
335 2855 469 2918 clemens
484 2854 570 2915 Deus
583 2852 686 2914 omnia
698 2863 823 2927 nostro,

26 2949 141 3010 lihera
153 2967 239 3010 mens
249 2949 408 3010 hominum
420 2962 463 3010 est
474 2967 612 3030 peccare,
623 2959 673 3009 aut
683 2946 784 3009 vivere
792 2958 909 3022 sancte,
981 2941 983 2948 ’

24 3039 140 3102 Libera
152 3053 221 3104 vota
234 3042 334 3119 dedit,
348 3042 469 3122 qnando
482 3060 603 3123 sperare
614 3039 760 3114 velimus,

28 3131 166 3200 Credere
177 3134 202 3196 si
214 3134 349 3220 placeat,
366 3134 453 3198 facile
466 3147 589 3197 estnam
603 3151 690 3217 posse
703 3132 823 3194 mereri.
