2126 3848
175 318 237 384 366
408 327 586 388 ansronls
606 329 840 385 nrosronrcn
937 315 1024 400 etp.

175 427 269 489 Venae
277 446 365 509 poena
374 447 454 505 sua,
467 427 539 508 quid
549 426 632 510 enirn
645 445 697 486 rea
710 425 796 486 lance
809 435 955 506 pmntum

173 518 338 604 Progenies
349 521 408 584 sibi
420 525 485 605 jure
493 523 595 603 petat?
605 533 686 582 sator
698 517 750 580 ille
763 518 905 602 bennun

171 612 217 674 Ni
226 616 339 676 donam
350 615 441 694 velit,
456 615 601 696 quidquid
610 612 789 678 temerarius
802 633 888 676 error

173 704 329 791 Corrupto
343 709 441 771 natue
455 709 522 772 tulit
533 732 544 769 ιΔ
555 708 603 771 via
615 706 679 769 sola
691 706 794 768 sonos

170 799 307 864 Allectus
319 803 470 884 parcentis
482 802 541 864 erit
550 846 560 879 ,
569 801 724 862 miseratio
732 821 856 882 semper

172 890 356 956 Conditione
368 909 469 972 earet,
483 909 628 978 praestans
639 895 774 957 indebita
789 892 924 956 Christus

170 985 229 1048 llis
242 989 308 1069 pius
322 991 486 1066 accelerat,
500 993 652 1071 justusque
662 989 710 1049 his
722 1008 850 1048 munera
862 989 955 1048 tardat

211 1080 249 1142 In
264 1080 426 1144 Macedoni
438 1083 527 1143 terris
540 1102 609 1145 cum
623 1083 734 1144 moenia
745 1091 818 1142 nota
831 1078 958 1164 Philippi

171 1174 318 1238 Doctoris
331 1175 497 1239 celebraret
509 1176 585 1252 iter,
599 1174 741 1238 bacchata
752 1174 855 1256 puella

171 1268 236 1332 Sub
249 1271 371 1332 stimulo
384 1269 529 1356 Pythonis
540 1270 596 1345 ait,
612 1268 741 1332 Paulum
755 1289 819 1332 esse
834 1269 985 1332 ministrum

169 1359 295 1424 AEterni
307 1363 412 1427 scitote
423 1363 503 1426 Deir
516 1363 664 1446 professio
678 1382 749 1425 vera

169 1454 312 1520 Mendaci
325 1460 363 1519 de
375 1471 449 1521 teste
461 1469 547 1519 sonat
560 1501 569 1534 ,
583 1477 749 1537 vocemque
761 1455 883 1518 fidelem
917 1455 927 1468 ‘

170 1545 306 1611 Perfidus
317 1566 421 1614 auctor
432 1552 539 1628 habet,
554 1553 607 1616 sed
618 1571 682 1614 non
694 1551 828 1613 defertur
838 1549 945 1613 honori

100 1663 106 1676 ³
170 1639 265 1720 Quod
278 1646 356 1727 cogit
368 1645 502 1706 formido
516 1646 619 1725 loqui,
634 1667 690 1708 nec
702 1657 805 1708 mente
816 1644 941 1708 cohaeret

168 1733 277 1796 Nudus
286 1757 390 1797 amore
404 1737 506 1798 timor.
522 1736 634 1800 Paulus
645 1739 802 1820 miseratus
811 1739 850 1798 eb
862 1751 925 1800 atro

167 1827 320 1892 Daemone
330 1832 423 1892 corda
442 1831 543 1912 premi
553 1875 563 1906 ,
575 1832 741 1914 nolensque
750 1830 843 1895 licere
857 1831 974 1913 profano

168 1922 297 1987 Divinas
310 1926 429 2008 aperire
441 1926 520 2000 vias,
537 1925 604 2010 lnge
618 1925 708 2014 (linit,
720 1937 750 1988 et
761 1926 849 1988 istam

169 2016 308 2080 Ulterius
318 2031 434 2080 tentare
445 2039 535 2080 care:
549 2019 593 2078 nil
606 2021 684 2100 jussa
695 2032 829 2080 moratus
1032 2035 1033 2097 t

119 2113 121 2121 '
171 2109 278 2172 Hostis
290 2113 329 2174 ab
339 2125 401 2188 est,
416 2131 598 2190 vacuamque
611 2113 738 2172 domurn
757 2129 912 2193 possessor
923 2112 1012 2191 iniquo

169 2201 292 2266 Deserit
303 2249 312 2282 ‚
323 2225 358 2269 ae
373 2206 501 2289 profugo
514 2203 625 2266 molier
638 2217 737 2268 sanata
749 2205 866 2288 periclo

171 2294 327 2361 Conticuit
339 2301 376 2360 de
389 2299 476 2360 laude
488 2299 564 2380 viri,
578 2319 644 2385 quoe
656 2312 752 2379 coepta
773 2301 911 2384 peregit,

170 2388 300 2471 Plusque
315 2404 414 2452 tacens
426 2390 486 2453 hoe
497 2413 560 2454 esse
572 2393 680 2466 docet,
694 2393 731 2454 tle
746 2389 873 2458 munere
885 2393 975 2478 vulgi,
1030 2427 1031 2472 3

171 2482 249 2544 Haec
261 2483 540 2563 quaestnmlaciebat
550 2485 631 2548 heris
643 2527 653 2564 ,
665 2481 741 2566 quos
751 2488 888 2550 turbidos
896 2487 998 2570 implet,
1030 2481 1031 2493 ¹

126 2625 140 2662 ,ἱ
171 2573 245 2654 Quo
259 2591 338 2639 earet
354 2576 405 2638 illa
418 2577 521 2654 luror,
535 2579 702 2662 populique
715 2582 854 2662 procacis
867 2582 969 2644 inaure

171 2668 328 2733 Seditione
340 2672 490 2750 fremunt,
504 2675 640 2740 romanis
652 2676 741 2739 obvia
753 2676 845 2738 saeris
1029 2667 1030 2691 ¹

171 2761 264 2828 Sacra
276 2768 492 2849 dari,ritusque
503 2772 599 2834 noro's
610 2766 690 2834 exire
703 2790 759 2852 per
768 2770 897 2847 orbem,

169 2855 212 2919 Et
227 2872 342 2922 veteres
357 2862 498 2926 cecidisse
511 2853 614 2926 Deos:
627 2876 698 2928 tone
710 2863 830 2948 agmina
842 2863 947 2946 raptim

169 2948 313 3014 Fustibos
326 2955 512 3035 innumeris,
528 2958 601 3022 eliso
615 2979 746 3042 corpore
757 2955 864 3032 Pauli,

173 3041 386 3123 Conveniunt,
399 3050 449 3112 ubi
464 3071 566 3116 carcer
578 3067 661 3128 erat,
676 3053 897 3133 queuntibus
909 3051 966 3112 inis
1027 3051 1028 3089 l

172 3137 334 3204 locludont
350 3145 513 3212 comitante
526 3144 617 3229 Syla,
632 3147 755 3229 vestigia
766 3166 896 3225 qnorum
1026 3163 1027 3184 ³
