2172 3862
33 333 164 396 v.1fit.
289 314 746 401 sermunculos
875 343 935 424 493

94 442 174 522 Quae
184 434 279 504 scelus
291 439 410 502 admisit
422 486 431 517 ,
452 461 560 502 munus
572 442 702 502 honoris
711 441 809 504 hahet.
880 475 881 478 ¹

37 536 127 596 Non
140 537 173 595 fit
185 534 349 597 Abessalon
363 536 455 596 haeres
467 537 644 618 deffconjuge
658 536 761 610 natus,

93 628 155 690 Sed
167 629 286 698 sceleris
299 629 410 690 fructus
421 643 537 711 sceptra
551 644 676 711 paterna
690 642 780 691 tenet.

35 722 154 798 Ecce,
170 723 241 803 quid
255 723 409 804 impendit*
417 724 510 804 patris
523 723 682 786 clementia
694 743 838 804 parcens,

89 815 203 878 Utsibi
217 837 305 900 regna
318 819 416 893 daret,
432 831 464 878 ut
475 819 559 879 daret
571 830 601 893 et
615 817 723 878 soboli.

37 911 57 971 1
62 932 121 992 pse
135 910 328 972 inimicorum
343 909 491 971 Salomon
504 932 564 972 non
580 911 657 974 colla
668 911 828 993 poposcit,

90 1004 306 1084 Dumpeteret
317 1004 507 1081 Dominum,
522 1007 574 1066 sed
587 1005 731 1087 sapientis
744 1025 847 1087 opem.

36 1097 169 1158 Exstitit
181 1097 230 1161 bic
243 1100 393 1178 prudens,
408 1098 478 1178 quia
489 1099 586 1160 noluit
599 1119 662 1159 esse
674 1112 832 1172 cruentus,

89 1189 295 1271 Pacificusque
309 1192 381 1267 suit,
395 1191 574 1271 consiliique
587 1205 681 1276 tenax.

41 1282 242 1367 Stephanus,
258 1298 325 1346 ante
339 1286 413 1347 alios
427 1285 562 1366 lapidum
575 1287 629 1347 sub
642 1286 786 1368 grandine
801 1299 935 1370 martyr,

91 1378 242 1440 Hostibus
256 1380 361 1440 orabat
374 1391 481 1462 sponte
495 1381 555 1442 suis
567 1381 698 1443 veniam.

47 1474 132 1536 Haec
144 1475 225 1535 bona
240 1475 417 1556 simplicitas
431 1488 549 1557 praestat
561 1477 661 1557 jejuna
671 1475 802 1551 cruoris,

93 1567 155 1629 Vir
166 1570 230 1630 sine
245 1581 343 1630 morte
355 1569 457 1630 furens
466 1570 510 1630 nil
520 1569 610 1631 babet
621 1571 685 1652 ipse
698 1569 788 1631 necis.

52 1664 159 1727 Caesar
173 1663 283 1742 ubique
295 1677 402 1744 potens
415 1664 493 1725 busti
505 1678 573 1745 post
585 1664 665 1726 belle
675 1663 830 1747 pepercit,

94 1756 135 1817 Et
148 1758 300 1835 quoderat
314 1760 418 1838 pejus,
434 1759 506 1820 civis
520 1771 548 1818 et
560 1759 653 1818 hostis
665 1773 738 1819 erat.

48 1853 170 1933 Sponte
184 1850 353 1912 facultatem
368 1852 528 1912 redhibens
541 1853 693 1931 reparavit
706 1852 857 1924 honores,

95 1943 171 2004 lnde
185 1951 304 2005 vocatus
314 1945 377 2004 abit
388 1945 492 2027 dignus
503 1934 620 2006 bonore
633 1943 706 2006 Dei.

48 2036 148 2120 Cujus
161 2037 199 2098 ab
212 2038 344 2117 imperio
359 2057 480 2119 surgens
494 2050 524 2097 et
537 2038 655 2121 origine
670 2036 773 2100 Caesar

94 2135 240 2213 Augustus
254 2131 365 2191 meruit
375 2144 495 2211 tempus
508 2131 619 2193 babere
632 2132 728 2214 pium.

49 2225 348 2306 Temporcnamque
359 2227 468 2286 codem
478 2237 614 2286 estnatus
625 2226 661 2286 de
670 2223 783 2306 virgine
793 2220 940 2296 Christus,

95 2317 190 2402 Cujus
201 2334 231 2381 et
244 2321 367 2382 emicuit
378 2319 462 2381 stella
477 2341 534 2403 per
548 2334 626 2382 astra
640 2319 714 2400 poli.

45 2415 120 2478 Dux
133 2416 273 2496 princeps
287 2435 427 2474 romanus
441 2429 503 2475 eret
517 2417 555 2476 de
566 2415 706 2496 principe
719 2411 827 2484 Titus,

95 2507 202 2570 Sinon
217 2521 386 2590 praestaret,
400 2509 500 2572 dicere
512 2530 592 2590 saepe
607 2507 706 2569 solens
718 2529 726 2578 3

49 2603 244 2664 Perdidimus
257 2604 312 2664 bac
327 2602 392 2664 luce
407 2603 508 2676 diem,
520 2604 544 2663 si
560 2603 644 2663 nulla
664 2601 791 2662 dedisset

95 2695 168 2756 Non
182 2709 317 2757 exoratus
330 2696 461 2776 praestita
473 2697 668 2777 supplicibus.

48 2790 139 2851 Alter
150 2791 191 2851 ait
203 2792 345 2872 princeps
361 2791 481 2852 modico
495 2811 637 2850 sermone
652 2788 799 2874 probatus
900 2809 901 2816 ¹

96 2881 287 2946 Commodus
299 2885 465 2969 Augustus,
486 2884 533 2945 vir
546 2884 658 2965 pietate
671 2883 788 2942 bonus:

55 2977 175 3039 Nobile
189 2994 393 3061 praeceptum,
407 2991 558 3054 rectores,
581 2978 703 3052 discite,
723 2984 791 3055 post
804 2989 872 3045 me,
913 3047 915 3053 Ι

97 3068 143 3131 Sit
155 3073 252 3134 bonus
264 3073 294 3132 in
309 3075 388 3150 vita,
416 3074 467 3152 qui
482 3071 562 3133 volet
577 3093 642 3136 esse
655 3070 750 3132 Deus.
842 3120 845 3125 .
883 3114 886 3118 -

749 3161 798 3234 [42.
