2142 3858
7 305 121 408 neb
233 329 686 412 amorreorum.
835 342 896 427 393

7 453 113 534 Quem
126 445 253 530 serpens
263 448 384 528 entique
405 449 510 522 daban
526 463 666 534 purgatus
678 448 709 509 in
721 469 810 511 smne

7 544 179 619 ῈιΙιειιιο,
194 539 368 622 Christique
380 544 461 607 cruci
474 566 527 606 sua
540 545 679 607 membra
696 543 840 628 religans,

7 637 893 721 Pescitebaitgucmorisrorsthaec‚qusellammavenenum

7 733 138 797 lsacris
151 731 215 794 vim
225 732 353 814 sumpsit
364 733 448 814 aquis
459 777 468 808 ‚
480 733 588 813 quibus
601 747 682 794 ustos
695 731 813 794 anhelat
851 789 853 798 s

7 828 67 908 Qui
76 825 169 889 dolet
182 826 220 886 erl
231 825 361 907 patriam
369 839 484 889 veteres
497 846 633 889 remeare
642 825 777 890 colonos.

7 921 192 986 lncolumeo
204 919 248 982 sic
258 932 337 981 stare
351 919 402 981 rliu
416 920 524 983 mirate
535 922 671 1004 juventus
734 979 737 984 .

7 1013 101 1077 llunc
113 1014 160 1075 ait
170 1033 232 1076 esse
244 1011 364 1074 Deum:
377 1015 497 1076 tandem
512 1016 594 1076 rudis
606 1015 708 1078 incole
722 1014 822 1091 disce,

7 1109 75 1188 Qua
91 1119 200 1194 regnat
211 1107 319 1168 virtute
333 1107 429 1190 polis,
446 1109 497 1188 qui
511 1107 582 1171 talia
600 1109 722 1172 confert

7 1199 48 1262 Ut
63 1199 202 1262 famulos
214 1200 344 1263 bocesse
359 1213 455 1283 potes.
471 1201 500 1262 N
504 1223 562 1264 une
574 1223 661 1264 causa
674 1203 775 1285 figurae

8 1293 132 1357 Plenius
147 1293 180 1354 iu
194 1292 267 1354 clari
281 1296 431 1362 cernenda
444 1307 488 1356 est
503 1315 628 1356 munere
641 1293 721 1357 facti.

8 1387 123 1472 Anguis
139 1387 226 1471 origo
240 1387 322 1450 necis
335 1393 426 1466 (nam
439 1407 521 1448 mors
533 1387 604 1450 binc
617 1388 696 1471 edite
710 1406 823 1449 nomeu
864 1386 868 1398 '

9 1481 56 1543 De
69 1501 179 1542 morsu
192 1481 345 1562 peccantis
356 1481 468 1559 babet)
482 1481 632 1543 contraris
642 1480 729 1564 justis

11 1573 225 1638 Vultretinere
236 1576 529 1657 manum,quoniam
538 1576 901 1658 manosaptsministraus

14 1667 85 1732 lure
96 1680 225 1732 vocatur
237 1690 312 1758 opus
326 1690 334 1735 t
349 1668 442 1730 talem
457 1670 508 1750 qui
520 1670 646 1731 senserit
656 1671 776 1733 bostem

12 1760 149 1848 Impiger
161 1763 285 1826 excutiet
291 1761 505 1844 ‚Dominique
517 1766 681 1846 vaporibus
691 1777 766 1827 urst.

13 1853 123 1920 Paulus
137 1869 172 1917 ut
185 1857 298 1918 admoti
310 1858 450 1942 cognorit
462 1857 540 1918 furta
553 1858 661 1940 pericli

14 1948 147 2034 Serpere
160 1951 236 2012 relle
249 1950 307 2013 sibi
325 1951 456 2014 coelestia
466 1951 526 2012 telo
539 1969 703 2048 capescens

16 2041 151 2108 Pressit
141 2065 173 2105 ιιι
187 2045 253 2129 igne
266 2045 353 2106 dolos
363 2046 470 2129 ,cujus
483 2046 521 2105 de
535 2044 641 2106 fomite
655 2062 791 2105 crescens

17 2135 67 2200 Fst
84 2159 213 2203 accensa
233 2138 329 2216 tter,
343 2151 373 2201 et
386 2138 522 2202 sensibus
538 2133 654 2199 additus
665 2138 775 2212 ardor,

18 2229 158 2315 llinuque
171 2232 254 2296 calor
264 2232 387 2316 populis
399 2231 546 2315 processit
557 2231 595 2294 ab
605 2180 811 2302 ubereioulis.
883 2257 886 2263 ·

55 2327 215 2390 bleusibus
225 2327 370 2414 hybernis
383 2327 481 2389 tribus
492 2326 524 2387 in
541 2326 663 2411 regione
678 2321 785 2386 Melite

20 2417 222 2504 Multiplicem
236 2422 286 2482 det
300 2420 410 2498 Paulus
422 2440 533 2502 opem;
552 2418 711 2500 Publiique
725 2430 881 2502 parentem

22 2511 167 2577 Finitima
179 2517 217 2577 de
228 2516 311 2579 clade
324 2516 402 2578 levet
415 2541 423 2577 ι
442 2535 504 2595 quo
519 2535 645 2589 monere
659 2511 722 2575 viso

23 2603 165 2690 Undique
177 2611 346 2693 praecipites
356 2607 484 2672 subitam
497 2628 625 2692 rapuere
636 2606 771 2669 salutem.

24 2698 151 2766 Pullulat
162 2704 275 2767 interea
288 2704 377 2766 nitidi
388 2723 476 2766 coms
489 2700 723 2775 frondescens,

24 2793 92 2875 Quo
104 2797 268 2881 juvenescit
278 2798 406 2873 humus,
420 2797 505 2860 senio
522 2797 652 2880 fugiente
667 2792 806 2876 pruinae,
897 2829 899 2838 =

25 2883 252 2974 suscipiensque
266 2905 361 2954 ratem
372 2890 446 2954 velis
459 2889 648 2956 credentibus
660 2897 760 2948 auster
862 2959 865 2962 ¹

26 2979 153 3047 Praebuit
165 2985 289 3070 eligeres
301 2985 426 3068 placidis
435 2985 467 3046 in
479 2982 617 3048 fluctibus
630 2982 743 3056 undas,

29 3073 116 3140 llunc
126 3079 242 3162 spirare
254 3081 357 3157 deca,
372 3099 462 3160 quem
475 3089 616 3161 personet
630 3095 683 3136 ore
695 3071 861 3159 propbeta,

29 3167 88 3249 Qui
101 3172 234 3254 speciem
245 3173 316 3236 fidei
328 3184 495 3236 torrentem
508 3182 606 3234 cantat
615 3169 648 3230 in
661 3179 771 3230 austro.

724 3257 765 3330 34

584 3337 616 3400 3
867 3361 870 3368 ,
