2126 3848
101 269 104 274 “
167 287 172 292 ·
248 287 681 342 unumunurn.
842 277 900 364 289

47 381 168 445 Sectari
178 382 294 444 studeat
305 381 437 443 formam
449 380 572 442 humilis
583 380 730 459 Domini,

20 477 74 559 Qui
89 477 184 558 petris
198 477 231 537 in
243 476 351 537 deitate
364 495 492 536 manens
503 475 588 537 Dens
598 478 815 552 omnicreator,

50 571 155 632 Verus
166 572 205 631 de
217 591 300 632 secra
312 569 426 652 virgine
435 582 520 630 natus
532 570 626 631 horno
641 583 699 643 est;

20 665 65 728 iic
77 678 217 725 nostrum
230 683 383 726 assumens
396 663 499 722 matris
512 665 549 723 de
563 683 694 745 corpore
708 683 835 747 corpus,

50 757 142 820 Fsset
154 771 185 818 ut
198 768 355 837 assumptae
369 755 469 818 omnis
482 756 567 838 origo
583 755 689 833 Deus,

20 849 46 912 ln
60 873 121 932 qno
135 849 193 934 ¹per
206 850 355 912 lavacrum
368 849 441 911 fidei
452 850 561 911 virtute
575 863 687 912 renata·

53 944 185 1007 Coeleste
197 945 324 1026 accipiet
334 963 406 1027 gens
419 961 499 1006 nova
514 943 719 1025 principium,

20 1037 67 1099 Nil
80 1039 214 1100 hominis
226 1039 317 1120 primi
328 1038 476 1115 retinens,
491 1037 543 1098 sed
556 1036 647 1118 plena
659 1037 779 1102 secundi
882 1114 886 1120 Ι

57 1129 245 1214 splendore,
259 1145 290 1194 et
302 1132 408 1213 eapitis
419 1131 613 1214 glorificanda
624 1133 681 1194 sui.

400 1221 465 1286 LX
475 1222 516 1282 V.

20 1316 92 1379 Non
104 1338 226 1400 semper
237 1337 307 1380 vere
320 1330 364 1380 est
377 1317 446 1379 felix
458 1316 585 1399 impleta
595 1318 750 1396 voluntas,

62 1409 143 1476 Cum
155 1432 235 1494 saepe
248 1412 364 1493 injustis
375 1413 434 1472 sint
446 1412 526 1473 mala
537 1425 606 1473 vota
615 1412 734 1475 animis.

21 1505 112 1569 Recta
124 1507 216 1588 igitur
225 1505 365 1587 cupiens,
380 1507 507 1566 etiamsi
521 1507 634 1568 nonsit
646 1507 789 1590 adeptus,

60 1599 253 1660 Persistendo
264 1613 367 1661 tamen
379 1599 456 1662 velle
468 1601 602 1677 bonum,
616 1603 714 1663 bonus
727 1613 785 1664 est:

22 1695 59 1754 dt
70 1713 179 1776 pravus
193 1693 274 1772 quod
286 1692 478 1770 semanimo,
493 1695 518 1772 si
529 1694 691 1755 nonhabet
704 1709 790 1770 actu,

58 1787 137 1848 Tam
151 1784 311 1864 miserest,
325 1787 415 1865 quain
426 1787 463 1862 si,
478 1788 556 1864 qnod
568 1781 662 1868 eupit,
675 1789 818 1850 obtineat.

190 1943 194 1952 ,
232 1881 239 1894 “
393 1877 530 1940 LXVI.

23 1973 174 2056 dhjestate
190 1972 252 2034 Dei
265 1973 453 2045 concluditur
466 1993 576 2051 omne,
596 1976 677 2054 quod
693 1977 810 2058 uspiam
824 1989 884 2052 eet,
957 2016 961 2026 ι

65 2069 134 2148 Qne
145 2069 212 2130 sine
223 2067 268 2128 nil
281 2086 383 2128 rerum
395 2080 489 2142 stare,
501 2067 550 2130 vel
565 2087 627 2130 esse
638 2081 757 2149 potest,

27 2160 104 2224 Huic
115 2163 212 2224 homo
223 2161 248 2222 si
261 2174 341 2222 recte
353 2160 514 2222 famulatur
522 2203 531 2236 ,
540 2149 701 2242 ‘proximus
713 2163 821 2238 haeret,

64 2253 97 2315 Si
111 2254 225 2330 resilit,
240 2254 352 2316 misero
365 2254 476 2336 degitin
490 2254 603 2316 exsilio.

28 2347 141 2410 Omnia
152 2350 197 2411 sie
209 2347 364 2410 Dominus
377 2348 563 2412 discriminat
575 2350 681 2412 ordine
692 2353 788 2434 justo,

65 2442 139 2524 Quo
150 2444 212 2504 sint
222 2461 341 2505 summa
351 2441 441 2503 honis
451 2442 514 2502 ima
526 2457 628 2524 paratu
641 2445 737 2506 malis.

384 2533 546 2597 nan,

28 2628 232 2712 Omnipotens
244 2629 377 2712 genitor,
390 2642 552 2709 natusque,
567 2644 597 2692 et
608 2632 730 2712 spiritus
742 2630 838 2690 almus

62 2723 155 2784 Una
146 2745 180 2784 1n
194 2722 332 2804 personis
343 2741 399 2804 per
412 2723 506 2784 tribus
518 2739 562 2786 est
573 2725 686 2799 deitas,

27 2818 102 2899 Qun
111 2838 206 2902 genus
215 2818 387 2880 humanum
394 2830 577 2898 prostratum
589 2818 693 2880 fraude
705 2815 845 2898 maligni,

64 2913 113 2974 Ad
123 2914 220 2975 vitam
230 2911 286 2974 heo
297 2911 369 2974 lecit
379 2931 468 2992 posse
480 2911 619 2972 redire
592 2931 657 2986 vra,
714 2951 718 2962 -

29 3005 148 3068 Naturae
159 3019 193 3070 ut
206 3019 315 3070 nostro.
328 3003 466 3067 Christus
475 3025 626 3085 causaeque
638 3006 813 3084 redemptor
889 3083 893 3092 ³

68 3099 211 3180 Mortalis
224 3100 310 3162 fieret
321 3120 384 3162 uon
397 3098 555 3178 minuens,
570 3099 650 3177 qood
664 3111 764 3250 eret.5

727 3215 742 3250 2
767 3237 774 3252 ι
