2106 3846
522 335 674 418 DIVI

308 607 890 718 PROSPERI

464 899 738 973 CARMEN

354 1159 437 1222 DE
479 1149 848 1224 INGRATIS.

387 1409 531 1463 LIBER
557 1409 821 1463 SECUNDUS.

171 1619 277 1700 larua
289 1637 383 1698 multa
395 1637 455 1699 suis
467 1659 533 1716 quae
546 1639 666 1701 tradidit
681 1638 909 1702 Haeresiarches
921 1686 931 1718 ‚

172 1731 265 1812 Quod
280 1730 453 1814 cognoscis,
467 1730 527 1806 ait,
541 1742 678 1791 naturam
691 1752 757 1809 quae
769 1732 849 1790 hona
861 1733 950 1795 faeta
961 1745 1013 1806 est,

169 1822 272 1888 Nullis
284 1844 353 1886 eum
366 1823 445 1902 vitiis
458 1823 490 1883 iu
504 1842 655 1902 quoquam
667 1823 791 1883 omniuo
806 1825 933 1903 creari,
1051 1841 1052 1904 t

172 1917 204 1978 N
208 1938 243 1980 ec
253 1918 392 1996 cuiquam
402 1915 495 1997 primi
508 1915 627 1997 eulpam
640 1915 773 1977 nocuisse
785 1918 928 1996 parentis
937 1925 958 1993 ,“

169 2008 211 2071 Et
224 2010 366 2093 quoniam
378 2009 450 2072 tales
462 2021 619 2071 nascautur
631 2029 711 2070 nunc
724 2027 860 2088 quoque,
878 2009 978 2090 qualit
1050 2006 1051 2050 t

96 2102 100 2108 ’
169 2103 226 2166 ltle
240 2105 295 2166 suit
308 2104 400 2166 nostri
413 2103 530 2188 generis
541 2114 625 2183 pater
638 2115 706 2163 ante
719 2115 852 2177 reatum,

172 2193 264 2258 Posse
273 2197 431 2260 homiuem
444 2198 508 2258 sine
520 2208 643 2277 peccato
656 2197 812 2258 decurrere
824 2195 947 2274 vitam,

172 2287 206 2348 Si
222 2289 312 2363 velit,
327 2303 358 2349 ut
372 2290 469 2370 potuit
480 2287 564 2350 nullo
580 2288 753 2368 delinquere
764 2289 883 2370 primus

170 2378 323 2440 Libertate
334 2400 394 2442 sua.
410 2380 532 2463 Nempe
545 2381 608 2444 haec
621 2382 761 2442 damnata
771 2379 873 2442 fateris

173 2470 337 2545 Concidit,
350 2473 512 2551 mundique
525 2494 624 2535 manu.
640 2471 802 2536 Connectit
814 2486 845 2534 et
855 2472 938 2535 iilud

170 2561 257 2624 Idem
271 2575 392 2638 auctor,
407 2565 486 2641 quod
500 2565 546 2626 lex
557 2566 598 2625 ita
611 2579 728 2627 sanctos
741 2565 855 2627 miserit
868 2567 952 2628 olim

175 2657 330 2722 Coelorum
344 2657 375 2718 in
389 2676 513 2742 reguum
526 2701 535 2732 ‚
549 2659 623 2720 sicut
636 2680 715 2722 nunc
726 2657 832 2720 Gratia
845 2660 953 2721 mittit.

174 2751 246 2816 Hoc
257 2772 374 2833 quoque
388 2751 498 2834 judicio
512 2760 613 2813 sancto
623 2752 680 2814 scis
689 2771 751 2812 esse
764 2765 973 2833 peremptum.

214 2843 379 2928 Objectum
391 2858 433 2906 eet
444 2845 541 2922 aliud,
554 2845 654 2927 ipsum
666 2844 769 2905 dixisse
785 2843 969 2928 Magistrum

175 2937 267 3019 Quod
283 2938 397 2998 meritis
406 2939 564 3004 homiuum
576 2939 722 2999 tribuatur
736 2937 843 2998 Gratia
858 2933 993 3008 Christi,

177 3031 335 3113 Quantum
349 3032 473 3112 quisque
484 3031 546 3093 Dei
560 3033 646 3092 donis
657 3053 687 3093 se
701 3031 806 3093 iecerit
817 3043 936 3110 aptum.

177 3124 237 3188 Sed
249 3124 341 3185 nimis
352 3124 507 3190 adversum
521 3125 578 3188 hoe
588 3124 657 3186 fidei
668 3124 875 3202 ,nimiumque
890 3145 949 3208 rep
