2106 3846
174 328 234 394 ποθ
389 339 854 394 unumunurn
952 343 1035 407 ip„

171 433 324 496 Hactenus
336 432 394 493 hoc
405 445 542 493 nostrum
554 432 649 493 luerat
659 475 668 508 ‚
679 435 731 494 sed
744 443 884 512 tempore
895 431 968 492 ducto

172 526 246 586 Jam
258 527 341 587 decet
354 545 415 586 esse
426 537 511 585 tuum
525 547 533 585 r
547 545 618 585 nam
630 527 710 605 quod
722 524 881 610 servabere
894 523 979 605 virgo,

171 619 201 680 A
213 639 263 678 me
274 617 477 698 principium,
491 618 547 678 tibi
560 617 706 698 pervenit3
722 617 826 676 omnia
838 637 923 697 posse

170 711 322 791 lncipies,
337 731 405 772 cum
417 709 493 772 velle
506 709 614 781 subest3
631 711 749 792 vestigia
762 709 900 784 servent,

173 803 235 864 Per
248 826 311 883 quae
324 817 434 864 sectato
444 804 624 864 conscendas
637 803 755 864 tramite
768 801 880 863 coelum
893 825 900 860 ε

172 895 242 957 Nec
253 897 358 955 desunt
368 895 504 976 exempla
516 895 608 955 domi.
623 895 705 956 Nam
717 895 834 975 respice
846 907 958 974 quantas

175 987 349 1071 Virginibus
361 987 470 1048 florens
481 992 542 1071 jam
555 1001 691 1048 nostrum
701 1001 831 1048 stemma
843 1006 958 1050 coronas

172 1079 294 1144 illiserit
306 1082 337 1141 in
349 1081 475 1157 coelum,
490 1095 591 1143 sancto
603 1101 674 1160 quas
688 1083 827 1162 dogmate
841 1093 932 1142 mater

175 1172 336 1236 Severiana
346 1175 462 1250 levans,
475 1187 505 1235 et
517 1188 545 1234 te
557 1174 730 1255 conjungier
742 1185 838 1252 optat.

172 1268 244 1331 Nec
257 1269 351 1330 multo
365 1269 465 1330 senior
477 1288 558 1327 nunc
569 1267 697 1348 gaudens
710 1265 850 1344 Aspida,
865 1265 991 1345 quondan

175 1360 331 1424 Sacratum
342 1361 437 1422 velata
451 1373 555 1441 caput,
568 1371 617 1418 tua
630 1358 734 1417 munia
745 1358 895 1440 sumpsit,

174 1452 317 1514 Bissenos
327 1456 451 1533 jungens
462 1451 569 1513 sanctis
581 1449 721 1511 altaribus
732 1469 839 1513 annos.

177 1545 280 1624 Quam
293 1545 363 1605 licet
373 1544 444 1606 hinc
455 1544 546 1606 celeri
557 1543 657 1604 tulerit
669 1564 733 1604 sors
744 1542 855 1604 ultima
868 1544 959 1615 letho,

174 1637 231 1699 Nil
242 1651 341 1698 tamen
353 1650 396 1696 est
407 1637 539 1698 subitum
551 1659 672 1718 semper
683 1637 813 1721 migrare
828 1637 942 1720 paratis.

163 1730 286 1810 ,Aspice
299 1745 379 1792 nunc
392 1729 547 1805 columen,
560 1731 680 1812 gemina
692 1732 773 1810 quod
785 1731 902 1814 virgine
913 1727 991 1811 lnlgdi

174 1821 388 1902 Eximinmque
401 1825 508 1897 decus,
521 1824 602 1904 cujus
616 1835 647 1882 tu
657 1825 722 1904 jure
734 1825 911 1904 propinqua

176 1915 338 1978 Fuscinam
352 1915 379 1974 F
381 1917 482 1977 uncina
492 1915 584 1977 refers
596 1937 604 1974 ι
617 1936 673 1978 nec
683 1915 799 1998 segnius
813 1917 916 1991 illam,

178 2007 258 2090 Quae
269 2009 379 2090 pietate
389 2021 513 2090 potens,
527 2007 622 2068 Graia
634 2009 660 2068 si
673 2028 745 2070 voce
756 2023 903 2085 sonetur,

178 2101 331 2186 Significat
341 2102 497 2184 propriam
510 2113 630 2182 sumpto
646 2101 683 2162 de
694 2101 819 2161 nomine
835 2113 965 2164 mentem.

177 2195 274 2275 Qneis
286 2195 356 2276 licet
369 2195 527 2254 emeritum
541 2194 646 2254 cedant
657 2213 709 2254 sua
718 2193 816 2258 secula
831 2194 962 2264 culmen,

175 2287 307 2367 Vimque
318 2286 439 2348 sublimi
451 2287 563 2348 cunctis
576 2285 753 2367 praepolleat
763 2306 853 2364 arce,

175 2377 243 2440 Has
255 2398 397 2461 generosa
408 2390 507 2438 tamen
520 2390 629 2440 matres
642 2378 667 2438 si
677 2381 767 2440 corde
781 2380 929 2459 sequaris,

176 2472 358 2534 Gaudebunt
369 2469 447 2530 vinci
461 2471 531 2532 dum
545 2471 684 2553 prolicis,
697 2490 732 2534 ae
742 2473 795 2533 tibi
808 2489 954 2533 summam

177 2563 293 2646 Sponte
306 2564 417 2624 dabunt
429 2563 561 2644 palmam
575 2565 726 2645 superanti
738 2579 805 2628 vota
816 2565 963 2648 magistra

176 2657 254 2720 Haec
265 2659 366 2720 dicens
379 2669 496 2718 teneros
510 2670 609 2719 sancto
624 2657 827 2720 exhortamine
839 2675 938 2719 sensns

175 2751 320 2833 Impulit,
336 2753 498 2814 accendens
512 2751 549 2809 ad
561 2750 734 2831 virginitatis
747 2771 894 2812 amorem.

177 2843 230 2905 Sic
243 2857 338 2906 mater
350 2843 475 2906 fecunda
487 2854 591 2917 utero,
603 2841 761 2906 fecundior
773 2855 858 2918 actu,

176 2935 350 3000 Machahaea
361 2949 486 3016 potens,
499 2943 530 2996 et
542 2934 639 3015 prolis
648 2933 753 2997 sunere
765 2934 852 3010 felix,

178 3025 292 3090 Orbari
304 3029 447 3112 gaudens,
463 3029 565 3090 animo
577 3028 713 3092 vincente
726 3019 898 3102 senectam,

175 3121 292 3192 Edocet
303 3122 449 3188 hortando
459 3120 597 3186 sobolem
611 3123 788 3192 concedere
800 3121 929 3195 mundo,
1034 3191 1035 3200 ἵ
