2106 3846
8 365 122 428 v.7.7
202 367 205 372 ¹
290 355 610 420 GARMEN.L1B
641 369 682 422 ιι.
871 347 966 434 243'

9 448 166 541 Naturae
181 449 326 528 quoniam
341 473 402 514 non
417 457 454 516 sit
467 460 595 523 detracta
608 461 748 540 facultas,

8 541 46 603 N
48 564 90 604 ec
102 536 183 603 sine
195 544 307 623 justitia
320 563 460 625 pereant,
474 553 525 630 qui
534 555 645 616 mentis
657 555 806 618 honorem

9 635 190 697 Sordibus
203 636 358 698 obruerint
370 641 533 719 vitiorum,
550 659 580 706 ιιι
590 647 693 708 iumen
705 649 743 709 ab
757 649 816 712 nito

8 727 197 790 Emissnm
211 771 220 800 ‚
232 729 352 812 indigna
365 735 461 797 nollet
471 740 657 817 requiescere
666 743 746 801 sede.

10 821 72 884 Sic
88 823 187 901 quod
202 826 351 884 nascendo
365 831 511 891 estonum
525 875 534 904 ,
550 832 657 893 distare
672 833 819 910 volendo,

10 915 67 974 Ut
81 916 244 976 meritum
257 918 428 999 adponens,
442 936 545 984 natura
556 929 711 1005 spectetad
724 949 843 990 omnes.

63 1007 138 1070 Sed
151 1023 263 1070 tamen
277 1012 339 1074 haec
352 1014 483 1124 aiiqqn
460 1039 484 1078 si
499 1018 542 1078 vis
555 1019 670 1080 ratione
683 1022 774 1094 tueri,

12 1101 61 1162 Et
72 1105 168 1164 credi
185 1117 248 1163 tam
260 1105 345 1167 stulta
360 1111 459 1189 copis:
453 1111 545 1170 ·Jam
557 1113 655 1192 pande
667 1113 740 1190 quid
753 1114 809 1174 hoc
823 1115 879 1190 sit,

21 1191 131 1273 Quod
143 1194 248 1254 bonus
263 1200 512 1303 omnipotensque
523 1203 607 1263 Deus
623 1223 685 1263 non
696 1205 798 1265 omnia
810 1209 912 1268 subdit

19 1286 138 1349 Corda
149 1287 226 1363 sibi,
242 1289 411 1370 pariterque
423 1312 530 1355 omnes
540 1294 623 1376 jubet
635 1316 698 1356 esse
711 1297 834 1360 fideles
828 1301 841 1344 Ρ

13 1379 149 1444 Nam
124 1403 150 1443 si
160 1401 259 1442 nemo
268 1403 392 1462 usquam
400 1400 442 1447 est
455 1389 544 1466 quem
553 1409 614 1450 non
622 1389 693 1451 velit
704 1411 767 1452 esse
780 1393 923 1474 redemp-

158 1489 252 1550 tum,
764 1508 767 1514 ¹

16 1568 125 1630 Haud
140 1569 237 1628 dubie
251 1569 394 1650 impietur
403 1573 547 1654 qqidquid
558 1577 619 1640 vult
632 1599 748 1640 summa
759 1593 896 1659 potestas.

15 1647 101 1723 Non
117 1681 243 1722 omnes
240 1675 342 1723 antem
354 1665 504 1725 salvantur
512 1691 699 1754 magnaque
713 1694 782 1754 pars
794 1688 838 1735 est

17 1753 108 1834 Quae
124 1755 238 1813 sedet
230 1743 403 1826 intenebris
417 1761 541 1838 mortis
556 1783 611 1824 nec
621 1765 796 1827 vivificatur

15 1849 71 1907 An
88 1847 173 1908 rarii
186 1858 283 1906 motus
296 1849 466 1910 animorum
478 1852 548 1913 talia
559 1856 697 1937 gignunt,

17 1940 235 2017 Libertasque
250 1939 318 2001 facit
333 1962 451 2003 causam
463 1967 526 2006 non
540 1949 680 2010 omnihus
693 1954 807 2012 unam?

22 2032 114 2116 Ergo
128 2033 267 2094 hominis
280 2035 376 2096 valida
386 2025 513 2100 arbitrio
527 2041 627 2102 divina
642 2042 777 2103 voluntas

18 2127 90 2187 Aut
104 2127 201 2186 etiam
218 2127 347 2188 invalida
359 2143 412 2206 est,
428 2134 529 2213 operis
543 2154 591 2193 cui
582 2133 694 2194 finis'
685 2157 717 2194 ιιι
732 2136 784 2196 illo
796 2152 858 2202 est
933 2213 936 2216 ι

21 2219 138 2300 Quem
150 2220 282 2280 trustra
273 2222 380 2302 Juvisse
396 2224 486 2299 velit,
502 2226 559 2286 nist
551 2226 709 2306 praeferat
721 2227 787 2291 ille

19 2301 208 2388 Αιϊιιειιιιιι,
225 2315 306 2395 cujus
320 2318 479 2378 comitetur
494 2319 602 2380 Gratia
616 2342 744 2384 cursum.

69 2408 151 2467 At·
127 2428 152 2467 si
164 2408 280 2468 dimota
294 2411 426 2471 certandi
441 2412 539 2487 nube,
555 2415 668 2475 serenis

22 2501 114 2580 Qnae
127 2514 197 2561 sunt
209 2523 280 2564 vera
296 2503 389 2565 oculis
403 2521 523 2566 mecum
535 2507 667 2569 intueare
677 2511 828 2572 modeste:

20 2595 65 2656 Ει
79 2608 188 2656 vetera
202 2597 345 2677 exemplis
359 2598 523 2658 manifestis
536 2601 625 2680 plena
638 2602 753 2664 videbis
828 2593 832 2608 ’

18 2688 159 2763 secula,
174 2701 202 2748 et
215 2690 246 2748 in
261 2703 364 2750 nostro
381 2711 539 2773 cognosces
552 2707 692 2774 tempore
707 2695 824 2768 multa,
917 2693 921 2699 ’

21 2783 114 2864 Quae
129 2784 259 2844 doceant
271 2827 280 2858 ‚
292 2783 400 2844 virtute
414 2782 475 2844 Dei
489 2806 631 2847 conversa
643 2787 793 2856 malorum

18 2877 159 2948 Corda,
177 2877 282 2954 quibus
296 2877 368 2937 recti
381 2877 457 2937 nihil
476 2899 608 2958 unquam
620 2881 788 2966 insederat,
809 2893 838 2942 et
851 2903 916 2960 quae

15 2972 50 3032 N
54 2969 159 3031 uilnm
173 2970 289 3050 justitiae
301 2967 417 3053 signum
431 2980 586 3032 sensumve
599 2975 748 3056 gerebant.

13 3065 173 3142 Namque
187 3075 218 3122 ut
228 3083 309 3124 nunc
320 3083 408 3124 saevas
421 3078 522 3146 gentes
534 3079 562 3124 et
575 3066 702 3127 barbara
714 3088 822 3152 regna,

16 3157 125 3242 Ignoti
139 3157 225 3238 prins
238 3169 287 3218 aut
298 3158 390 3239 spreti
403 3177 482 3222 nova
495 3157 602 3220 Gratia
616 3156 727 3222 Christi
