2106 3846
170 311 227 395 198
362 316 817 372 ·ALC.E1).AV1T1
937 299 1017 382 cidp

166 416 264 478 Cessit
275 413 433 476 confestim
447 413 526 474 ducti
540 413 707 486 reverentia
719 411 848 488 fluctus,

165 507 373 588 Expanditque
387 507 481 580 viam,
495 505 543 566 cui
555 519 666 565 terrain
680 506 825 568 clauserat
838 506 941 567 hostis

165 600 328 675 Machina,
343 598 500 679 pendentis
512 599 616 658 struxit
628 617 718 677 quarn
730 619 820 660 scena
831 599 970 679 liquoris,

164 693 310 754 Frenatas
323 692 403 754 celso
416 693 609 772 suspenderat
623 711 691 752 aere
701 691 850 774 lymphas.

164 785 342 868 Aggreditur
356 785 490 845 medium
504 783 619 866 fugiens
632 781 813 862 vincensque
827 793 975 864 sequentes

165 879 251 940 Gens
263 878 355 939 eiecta
368 875 450 951 Dei,
466 877 557 959 figens
572 877 691 958 vestigia
704 876 791 937 terris

164 970 201 1031 In
216 971 336 1054 regione
349 971 453 1030 maris:
469 969 620 1030 calcantur
632 989 698 1029 saxa
709 970 873 1049 profundi,

167 1062 306 1126 Conterit
318 1079 347 1125 et
359 1065 472 1123 nudum
483 1059 662 1143 percurrens
675 1063 773 1123 orbita
785 1063 901 1123 linium.

165 1157 312 1218 'l'orridus
325 1170 477 1238 aspectum
487 1155 584 1216 scissis
596 1155 642 1218 sol
655 1156 759 1216 inserit
771 1156 877 1229 undis,

165 1247 362 1332 Ignotam'que
376 1269 454 1309 novo
467 1247 613 1329 contingit
627 1247 741 1308 lumine
753 1259 864 1309 terram
878 1270 886 1305 :

165 1341 301 1426 Longior
312 1356 342 1404 et
354 1343 452 1402 radius
467 1341 596 1432 spatium
608 1342 788 1401 descendere
801 1352 917 1401 tautum·

168 1433 319 1509 Certavit,
333 1436 503 1512 sessumque
517 1435 604 1515 jubar
615 1436 663 1496 via
677 1433 778 1494 intulit
788 1433 866 1494 imis.

209 1524 348 1587 Credidit
360 1526 491 1587 exclusos
502 1527 655 1608 primum,
669 1525 819 1606 fluctuque
834 1526 978 1608 repulsos,

166 1618 260 1696 lnque
273 1618 373 1699 sugam
387 1639 488 1678 versos
502 1618 628 1680 Pharius
642 1611 713 1680 dare
726 1631 806 1701 terga
817 1632 962 1704 tyrannos.

166 1708 361 1790 Praecipitare
375 1730 476 1770 moras
489 1710 539 1770 tali
554 1712 638 1792 jubet
652 1712 769 1794 agmina
780 1713 892 1772 verbo:

165 1801 247 1864 Ecce
258 1804 367 1864 iteruin
381 1804 502 1886 fugitiva
515 1804 624 1865 cohors
637 1805 800 1883 pendentia
811 1803 889 1864 bella

165 1895 308 1972 Deserit,
322 1897 489 1976 auxilioque
500 1899 614 1978 pedum
626 1897 738 1958 confisa
749 1896 862 1958 recedit
876 1919 883 1956 ε

167 1986 234 2049 Vos
245 1991 336 2050 armis
348 1991 495 2071 premite,
511 2003 540 2050 et
552 1989 658 2051 clausis
670 1990 795 2052 insistite
808 2000 939 2060 tantum,

172 2080 289 2144 Cretera
303 2096 412 2163 pontus
423 2097 496 2167 aget.
509 2081 569 2142 Vix
580 2083 644 2143 haec
657 2083 836 2164 perdixerat,
850 2081 893 2141 ilii

167 2173 351 2248 Prosiiiunt,
368 2196 513 2254 cursuque
529 2187 616 2235 ruunt
629 2173 772 2256 attingere
784 2175 874 2234 littus.

168 2263 214 2322 Ut
224 2285 348 2341 venere,
364 2267 466 2327 vident
478 2266 588 2326 arentis
599 2277 679 2327 vasta
692 2265 835 2346 profundi

167 2351 322 2416 insolitan’r
335 2359 471 2434 praebere
482 2359 582 2433 viam,
595 2378 748 2439 pansoque
760 2377 876 2420 recessu
890 2383 892 2390 ¹

169 2443 234 2506 Ceu
248 2447 377 2525 trepidas
390 2448 496 2527 fugisse
509 2451 567 2528 piis
580 2450 763 2513 calcantibus
775 2452 877 2510 undas.

168 2535 236 2595 Hos
249 2557 367 2615 quoque
379 2539 556 2617 persiccum
570 2555 648 2602 tutos
661 2543 843 2604 descendere
853 2541 950 2604 callem
1015 2549 1016 2590 i

105 2621 106 2628 ¹
167 2628 295 2690 Securos
306 2630 405 2714 pelagi
417 2642 504 2710 atque
517 2634 581 2706 sui,
595 2655 658 2694 non
669 2655 773 2708 arma,
786 2655 844 2697 nec
857 2636 949 2716 ipsum

165 2721 349 2785 Formidare
360 2725 429 2786 satis
443 2724 605 2806 patientem
617 2727 735 2789 vincula
747 2741 884 2807 pontum.
1014 2723 1015 2767 t

167 2812 305 2880 Substitit
315 2820 353 2876 ad
366 2819 520 2880 modicum
534 2820 677 2882 restrictis
689 2821 820 2881 motibus
831 2840 953 2903 agmen,

164 2905 322 2985 Frenaque
335 2930 492 2989 suspensos
505 2925 663 2974 tenuerunt
677 2915 762 2976 ducta
775 2914 894 2996 jugales.

166 2999 265 3080 Atque
278 3000 400 3080 aliquis,
415 3003 461 3063 cui
474 3004 521 3065 vel
535 3018 656 3066 tenuem
668 3019 778 3066 mutata
789 3006 922 3068 calorem

167 3091 255 3163 ‘func
267 3093 495 3164 scintilladabat
507 3099 610 3175 cordi,
625 3098 668 3162 sic
681 3098 758 3162 forte
771 3099 905 3160 locutus:
1012 3083 1013 3117 ¹
