2198 3844
55 318 173 402 mfiy.
260 327 453 383 CARb'lEN
489 329 750 384 resculas.
906 327 946 399 43

58 419 139 484 Sum
147 422 264 500 bonus,
277 437 308 484 et
318 409 462 505 propr-ios
474 425 510 484 ad
525 425 635 485 victum
643 425 757 509 largior
768 445 863 510 agros.

56 515 164 578 Nemo
178 518 391 591 metientibus,
405 538 471 595 quac
482 531 550 578 sunt
565 539 649 593 mea,
664 536 773 600 pascua
787 523 904 586 vendat.

60 609 138 673 llaec
150 612 183 670 in
198 611 389 692 Apostolicas
401 611 470 672 ideo
484 611 568 692 prius
581 613 674 672 edidit
687 633 773 676 aures

60 701 288 784 Omnipotens,
304 717 336 763 ut
349 705 386 764 ab
400 705 445 764 bis
458 706 518 786 jam
531 726 594 768 sese
606 721 726 769 auctore
739 709 885 792 magistris

58 796 94 858 ln
108 797 262 877 reliquum
273 797 408 858 doctrina
419 796 513 858 fluens
524 800 695 861 decurreret
708 823 815 864 aerum.

62 887 204 969 Qualiter
213 912 249 951 ex
260 911 321 950 uno
333 892 464 971 paradisi
477 891 559 952 fonte
571 891 709 976 leguntur

61 983 203 1064 Quatuor
214 986 346 1067 ingentes
356 985 521 1064 procedere
534 987 667 1047 cursibus
679 1007 800 1061 amnes,

56 1075 103 1138 Ex
115 1079 226 1157 quibus
236 1079 268 1138 in
280 1092 377 1138 toturn
387 1091 563 1162 sparguntur
573 1077 697 1140 flumina
710 1082 869 1142 muudum.

58 1169 207 1250 Quisquis
218 1173 301 1232 enim
314 1169 430 1232 deitatis
443 1191 536 1252 opus,
551 1174 632 1251 quod
645 1193 706 1234 non
720 1173 808 1232 habet
824 1194 859 1233 ex
869 1194 922 1251 se,
974 1195 978 1206 “

38 1275 42 1288 ·
58 1262 138 1340 Sed,
154 1264 294 1325 Domine
305 1267 459 1339 tradente,
475 1265 570 1348 gerit,
583 1266 638 1325 sub
650 1285 776 1326 munere
788 1285 865 1347 puro

59 1355 230 1439 suscipiet,
245 1379 321 1438 puro
335 1359 486 1440 dispenset
499 1377 642 1428 munere,
655 1357 750 1439 possit

56 1448 105 1511 Ut
117 1453 324 1532 dispeusator,
339 1472 402 1513 non
415 1465 448 1512 ut
461 1463 611 1513 mercator
623 1451 746 1526 baberi,

57 1545 248 1624 Daridisqne
258 1547 355 1606 modis
366 1546 457 1606 uitam
470 1557 588 1606 cantare
600 1545 746 1617 futuram
792 1535 795 1538 ¹

56 1637 185 1700 intrabo
198 1639 231 1698 in
244 1638 372 1699 Domini
387 1637 540 1717 requiem,
556 1639 625 1717 quia
642 1637 744 1698 nescio
759 1656 902 1699 mercem.

96 1732 178 1793 Exin
192 1732 551 1816 conspicuam·synagogae
565 1731 710 1813 ingressus
721 1730 755 1789 in
769 1729 889 1806 arulam,

57 1827 176 1908 Aspicit
188 1824 369 1899 invalidum,
383 1825 520 1886 dimenso
531 1844 660 1906 corpore
673 1843 816 1884 mancum
829 1865 839 1897 ,
916 1851 920 1862 ·

59 1917 253 1980 Seminecem
266 1919 427 1993 membris,
441 1939 505 1978 non
517 1931 613 1979 totum
624 1919 742 1992 virere,
756 1919 840 1998 cujus
930 1939 933 1946 ¹

58 2013 153 2074 Arida
168 2024 342 2092 torpentem
355 2011 509 2073 damnarat
515 2014 634 2074 dextera
645 2023 777 2093 parterm
809 2045 813 2050 ·

61 2105 257 2188 imperioque
266 2087 409 2180 medens,
423 2106 552 2188 gelidam
563 2105 743 2166 recalescere
754 2101 888 2182 palmam

63 2195 225 2280 Praecipit,
240 2211 269 2260 et
281 2198 383 2260 reduci
396 2199 500 2260 divino
513 2217 600 2258 more
611 2194 718 2270 saluti,

65 2291 146 2355 Sicut
156 2285 278 2372 semper
288 2292 362 2374 agit,
375 2291 419 2351 nil
431 2291 527 2368 tollit,
543 2303 572 2352 et
587 2289 690 2350 omnia
704 2289 810 2350 reddit.

101 2386 151 2447 En
164 2387 274 2446 iterum
284 2397 397 2446 veteres
410 2384 574 2446 instaurans
586 2383 719 2444 lubricus
733 2394 811 2444 artes

63 2479 117 2540 llle
126 2477 288 2562 'chelydrus
297 2479 394 2554 adest,
407 2479 486 2560 nigri
498 2477 549 2558 qui
561 2477 631 2539 lelle
643 2477 752 2540 veneni

64 2571 204 2647 Liridus,
218 2571 349 2632 humano
360 2566 467 2655 gaudet
478 2572 671 2655 pinguescere
683 2571 773 2640 tabo,

68 2664 220 2745 Quodque
234 2685 288 2745 per
299 2664 433 2726 alternos
446 2664 535 2725 toties
548 2665 726 2745 disperserat
738 2680 831 2744 aegros

66 2757 176 2833 Virus,
191 2759 222 2818 in
236 2759 322 2823 unius
335 2749 507 2840 progressus
519 2758 632 2820 viscera
645 2756 720 2815 fudit
734 2778 741 2814 :

67 2851 124 2913 Cui
138 2873 263 2924 rocem,
277 2850 436 2933 lumenque
450 2850 536 2928 tulit,
549 2849 722 2932 triplicique
734 2848 838 2908 lurore

67 2945 172 3008 Saucia
183 2946 321 3006 membra
331 2959 455 3021 tenens,
469 2955 587 3005 mutum
600 2942 767 3022 quatiebat,
782 2955 811 3001 et
825 2941 943 3001 orbum.

66 3037 152 3102 'l'unc
164 3039 317 3100 Dominus
326 3040 428 3100 mundi
441 3085 450 3114 ,
464 3039 513 3100 lux
523 3049 639 3112 nostra,
651 3049 680 3096 et
690 3055 792 3096 sermo
802 3035 947 3116 parentis,

66 3130 215 3194 Sardibus
227 3132 364 3209 exclusis,
380 3132 500 3207 oculos,
512 3144 600 3220 atque
612 3129 798 3194 ora'uoravit
810 3150 819 3199 s
