2126 3848
168 326 227 389 332
279 319 289 334 '
382 333 559 388 sm’roms
594 331 832 386 arosrourcn
875 349 882 356 ·
943 319 1055 394 utos

166 432 297 495 Erexere
312 443 417 513 capnt:
433 432 484 492 sed
497 450 560 490 non
573 429 799 512 deprehendere
813 430 877 492 risu

165 525 332 588 Auctorem
342 537 467 607 potuere
479 523 572 596 boni,
585 523 693 605 quibus
705 523 797 584 ardua
810 523 906 583 virtus

167 615 309 682 Occultat
319 637 410 698 quam
422 629 541 698 prestat
554 636 665 697 opem,
679 636 784 695 resque
797 629 866 676 ante
882 628 1019 696 paratur,

77 779 82 790 ,
97 785 101 796 ,
167 711 350 793 Quamspes
363 711 423 771 ulla
435 711 532 783 locet,
546 709 713 789 furtivaque
725 711 849 790 praemia
860 709 936 771 vitae

164 806 227 869 Dat
240 795 511 878 mediomatricus,
527 815 556 863 et
567 801 666 865 anheli
681 803 818 883 corporis
830 816 927 864 estus

163 899 274 984 lgnaro
284 899 440 982 languente
454 897 551 978 rapit,
565 916 655 974 quam
667 897 761 958 nescit
771 897 899 971 adesse,

166 992 231 1074 Qui
243 992 356 1055 venisse
369 991 497 1073 probat,
511 990 675 1070 crescitque
687 989 822 1070 potentia
836 989 918 1052 facti

163 1087 326 1172 Agnitione
339 1104 460 1158 carens,
475 1085 557 1167 cujus
570 1083 738 1165 splendoris
752 1084 851 1166 imago

166 1179 283 1262 Omnia
296 1178 496 1262 pervolitans,
511 1189 648 1257 tactuque
661 1177 799 1238 nocentia
814 1179 975 1240 mundans

166 1274 232 1336 Sta't
246 1274 334 1335 donis
343 1272 465 1355 fugitiva
475 1271 569 1332 oculis
582 1284 611 1332 et
623 1291 747 1331 munere
758 1268 868 1351 plenos

164 1367 290 1448 Linquit
302 1367 413 1446 ubique
424 1369 523 1439 toros,
537 1363 694 1444 hostesque
707 1363 872 1425 oeensibus
885 1377 973 1427 atros

57 1525 62 1532 ,
163 1453 310 1543 Prsjicit‚
324 1479 359 1521 ac
369 1457 658 1522 nebulis'larvalibus
669 1458 745 1518 eruit
758 1469 854 1532 artus,

164 1552 181 1613 l
195 1554 269 1615 citus
283 1565 311 1612 et
325 1571 409 1614 curas
421 1550 579 1612 hominum
596 1552 632 1611 dc
646 1549 719 1612 calle
731 1550 935 1630 frequentans

98 1705 101 1712 ,
164 1645 277 1708 Excute
292 1644 381 1705 Petre
392 1646 517 1726 gradum
533 1659 632 1706 tecum
644 1645 791 1706 medicina
802 1645 915 1708 salutis

163 1738 323 1810 Ambulat;
338 1738 413 1798 adde
426 1738 507 1799 viam
518 1735 527 1810 ;'
538 1759 605 1820 spes
617 1751 661 1799 est
673 1740 710 1799 ad
720 1741 825 1822 gaudia
839 1741 936 1802 velox

163 1831 201 1894 ln
212 1833 339 1915 pedihus
351 1851 414 1891 non
425 1850 489 1891 esse
502 1851 639 1903 moram;
653 1844 703 1891 tua
715 1833 822 1893 semita
834 1833 903 1894 vita
917 1850 965 1898 est

165 1923 198 1988 Si
211 1944 357 2008 properas
369 1927 430 2007 jam
442 1927 639 2006 nemojacet3
657 1935 688 1986 tu
700 1925 831 1987 motibus
844 1929 973 1991 umbrre
1056 1973 1057 1991 2

164 2017 307 2102 Corpora
319 2031 425 2082 cuncta
437 2016 533 2093 levas,
547 2018 702 2100 atqne‘boc
710 2018 799 2080 simul
811 2019 915 2083 inscia
926 2023 990 2084 voti
1055 2065 1056 2071 κ

164 2112 265 2175 Sumit
278 2114 365 2174 turba
377 2125 477 2174 tacens
489 2135 496 2172 :
510 2131 576 2192 quae
588 2132 659 2174 cum
671 2125 754 2196 rogat
764 2113 878 2196 accipit
893 2137 976 2178 unos
1054 2129 1055 2149 ¹

164 2205 301 2285 Quaerite
312 2226 387 2286 quos
398 2205 486 2290 agitat
496 2205 571 2266 tanti
583 2206 750 2268 reverentia
762 2205 832 2268 farti

157 2299 252 2378 -Quid
263 2300 339 2382 typii
353 2321 400 2361 res
413 2301 467 2360 ista
481 2295 573 2371 lerat3
588 2297 732 2380 librisque
745 2300 853 2360 volutis

163 2391 291 2453 Noscite
303 2413 369 2469 quae
382 2391 439 2452 soli
453 2406 496 2452 est
507 2411 646 2455 concessa
658 2391 752 2477 gloria
765 2391 857 2454 Petro
870 2437 880 2467 ‚

166 2483 280 2565 Quosve
290 2484 345 2544 sub
357 2484 413 2545 hac
426 2486 527 2565 specie
539 2486 649 2548 lateant
661 2487 841 2548 documenta
851 2487 979 2568 videte,

162 2580 241 2660 Quae
255 2577 374 2640 tentabo
386 2576 529 2656 loquens,
545 2593 575 2642 et
587 2582 611 2642 si
622 2583 707 2642 datur
718 2580 773 2641 ista
785 2580 915 2644 facultas

160 2671 272 2736 Aridus
283 2684 313 2734 ut
328 2691 448 2756 magnas
461 2671 598 2754 impellat
611 2674 722 2737 rivulus
735 2675 837 2736 undas.

161 2765 278 2830 Rursus
291 2767 328 2828 ab
341 2765 469 2847 antiquis
480 2766 604 2829 veniunt
617 2767 760 2831 miracola
770 2769 866 2830 musis

161 2859 300 2922 Firmior
313 2860 345 2919 in
359 2860 473 2923 cunctis
485 2861 603 2943 eapitur
613 2861 774 2923 substantia
786 2879 892 2924 rerum

162 2951 306 3035 Corpore
317 2971 402 3014 sensa
415 2974 484 3026 suo;
501 2953 692 3035 sequiturque
708 2975 726 3016 a
739 2951 868 3036 corpore
883 2971 972 3022 certo

158 3045 325 3123 funditur,
339 3059 368 3108 et
380 3047 507 3109 solidam
513 3067 582 3121 ,non
591 3049 732 3109 terminat
742 3050 850 3109 umbra
860 3049 999 3134 liguram:

157 3139 219 3204 Sed
231 3154 331 3204 tamen
341 3142 406 3224 ipsa
425 3143 483 3205 sibi
494 3142 667 3224 praesedere
680 3144 924 3228 corporasipsat.
