2102 3846
14 313 97 397 ³⁶7·
208 327 670 384 roumurummnrr.
817 321 869 383 131

14 423 75 484 lunc
87 423 127 484 ad
140 435 315 504 serpentem
329 445 405 486 vano
415 427 458 488 sic
469 447 521 488 ore
529 427 629 492 locutu
639 439 698 491 est:

14 518 137 578 maribus
151 537 173 577 o
188 517 306 598 pollens
316 520 440 583 coluber
452 522 621 585 dulcissime
633 523 736 597 dictis,
809 533 811 544 ’

14 607 82 686 lou,
93 623 230 688 utrere,
242 609 327 674 Deus
339 616 426 676 uobis
439 617 550 698 jejunia
561 617 668 692 suasit,

14 701 62 763 lec
71 705 217 784 prohibet
229 704 311 788 largo
322 709 419 769 curari
433 730 563 790 corpora
574 723 669 791 pastu.

14 791 74 858 lece
85 796 167 858 vides
183 797 453 882 epulustotusquas
462 804 589 887 porrigit
598 803 679 865 orbis
693 827 700 863 :

14 883 147 952 dumibus
159 891 210 952 his
224 891 306 957 licito
319 894 436 977 genitor
446 898 691 978 promptissimus
699 899 742 958 uti

14 977 149 1060 destitit,
164 998 197 1046 et
207 998 284 1048 totas
297 988 475 1052 riteeluxavit
486 990 626 1054 habenas.

14 1071 68 1137 laec
78 1079 142 1139 sula
156 1093 205 1140 est
214 1115 234 1155 ,-
244 1082 378 1144 nemoris
390 1085 483 1144 medii
494 1105 585 1164 quam
594 1131 597 1140 .
606 1084 772 1168 perspicis,
787 1083 877 1150 orbor

15 1171 151 1234 utcrdicta
163 1173 260 1246 cibis3
275 1175 337 1237 baec
349 1189 462 1240 tentum
476 1191 595 1261 tangere
610 1197 704 1259 poma

14 1259 67 1320 lou
77 1263 214 1340 licitum3
228 1268 309 1330 dives
319 1271 471 1350 praesumit
484 1283 591 1333 caetera
599 1271 700 1330 victus.

14 1351 76 1416 lam
87 1358 109 1419 si
121 1360 249 1422 libertas
260 1365 413 1420 temerarit
424 1360 512 1420 noxia
525 1359 622 1444 legem
635 1403 645 1438 ‚

14 1445 101 1512 luruus
113 1452 246 1514 terribili
260 1453 394 1532 predixit
406 1474 480 1516 voce
493 1466 611 1516 creator

14 1541 133 1622 Quadam
145 1567 208 1608 uos
220 1546 320 1606 stetim
333 1546 458 1610 luituros
470 1561 568 1628 morte
581 1561 704 1612 reatum.

14 1635 80 1716 Quid
91 1643 204 1704 vocitet
215 1653 365 1716 mortem,
380 1653 521 1717 munuc,
536 1643 707 1704 doctissime
720 1661 854 1725 serpeus,

14 1725 97 1792 Pande
109 1734 226 1810 libens,
242 1733 386 1813 quoniam
397 1736 518 1797 rudibus
530 1738 723 1821 uou'cognita
731 1757 779 1798 res
791 1749 844 1798 est.

44 1821 168 1888 Callidus
183 1827 252 1888 iude
266 1827 372 1903 draco,
390 1840 419 1888 et
429 1827 501 1890 lethi
512 1842 576 1890 tum
584 1843 695 1912 sponte
706 1829 845 1912 magister

14 1911 149 1982 luteritum
160 1923 267 1997 docet,
279 1932 310 1982 et
320 1935 419 2002 captas
430 1922 472 1986 sic
480 1923 563 1984 fatur
575 1925 612 1984 ad
624 1942 710 1984 aures
723 1945 731 1980 :

15 2003 130 2074 leuoris
142 2034 272 2076 vacuum
285 2013 429 2076 formidas
440 2013 553 2076 semina
563 2035 688 2076 nomeu.

15 2095 73 2162 Nou
82 2108 177 2169 veniet
185 2107 272 2170 vobis
282 2107 396 2189 rapide
408 2110 557 2170 sententia
568 2107 690 2166 mortis:

15 2187 62 2252 Sel
72 2212 149 2276 pater
162 2201 275 2262 invisus
284 2213 396 2260 sortem
410 2219 473 2259 uon
486 2197 615 2260 contulit
629 2216 765 2278 ecquem,

15 2279 69 2348 Nec
76 2289 122 2352 vos
131 2293 210 2354 scire
221 2291 320 2366 dedit,
334 2291 456 2352 sibimet
468 2313 533 2372 quae
546 2312 665 2354 summa
677 2304 815 2354 reservet.
922 2319 925 2322 ·
999 2298 1003 2306 ’

17 2374 83 2456 Quid
96 2386 174 2466 juvat
189 2398 328 2445 ornatum
339 2386 517 2466 comprendi
531 2399 580 2447 aut
593 2406 716 2448 cernere
730 2387 876 2448 mundum

17 2466 132 2540 Etcum
142 2478 256 2540 misero
268 2478 406 2542 concludi
421 2497 539 2542 carcere
553 2482 691 2558 mentes?¹

18 2558 167 2648 Corporeos
178 2573 292 2653 puriter
300 2593 401 2635 sensns
413 2574 574 2655 oculosque
585 2585 720 2656 patentes

19 2651 58 2718 Sic
65 2661 148 2728 brutis
157 2679 263 2728 nature
278 2680 366 2728 creat.
383 2665 438 2729 Sol
450 2669 590 2730 omnibus
601 2688 676 2731 uuus

20 2745 112 2833 Senti,
125 2773 155 2820 et
169 2761 302 2822 humano
313 2781 377 2830 non
389 2762 475 2824 distet
485 2762 586 2823 bellun
598 2761 672 2823 visu.

18 2840 162 2913 Consilium
175 2874 354 2936 magesume
368 2877 488 2930 meum,
500 2867 694 2933 mentemque
707 2853 844 2934 superuis

17 2931 95 3004 lusere
104 2989 112 3022 ,
121 2961 150 3009 et
161 2960 277 3010 erectos
289 2950 321 3008 in
335 2949 443 3013 coelum
457 2949 577 3032 porrige
589 2969 699 3010 seusus.

19 3025 131 3116 quue
143 3042 203 3106 hoc
214 3043 296 3122 quod
306 3043 429 3106 vetitum
440 3043 583 3115 formidas
594 3056 713 3126 tangere
724 3059 850 3124 pomum

20 3119 82 3190 Scire
93 3135 170 3197 dubit
183 3157 365 3217 quecunque
378 3151 464 3221 peter
476 3149 587 3200 secretu
597 3137 727 3220 reponit.
832 3187 834 3192 ,
860 3157 863 3164 ’
