2198 3844
27 323 70 374 ἰ
93 308 163 394 ²57·
238 315 434 372 CARME'N
462 317 720 372 etscflutu.
893 303 935 389 69

37 413 131 474 Sicut
143 415 176 474 in
186 413 372 472 horrendum
384 413 456 472 dum
470 425 683 474 convertuntur
695 425 831 488 acetum,

41 507 78 568 A
89 507 201 568 mensis
214 507 349 587 projecta
361 495 478 587 jacente
493 505 534 566 ita
546 518 683 588 tempore
697 509 797 590 prisco

34 604 268 681 Geusaocepta
283 598 369 674 Deo,
382 621 462 661 nunc
474 612 516 660 est
527 601 630 660 odiosa
643 621 787 685 propago.

90 697 171 781 Ergo
185 697 236 756 uti
251 707 354 756 concta
365 695 438 754 boni
451 693 603 774 completa
614 709 656 755 est
668 697 766 776 passio
780 694 912 772 Christi,
1002 715 1008 726 ⁸

46 794 116 873 lpse
129 791 264 851 animam
278 789 404 870 proprio
417 789 531 850 dimisit
543 807 670 869 corpore
684 803 835 865 sanctam,

49 885 117 966 lpse
127 886 240 945 iterum
250 895 420 962 sumpturos
431 902 518 957 eam,
532 883 601 960 quia
614 897 747 944 mortuus
758 884 859 964 idem,

45 973 133 1038 Idem
147 978 233 1039 viros
247 989 328 1052 erat,
342 975 488 1037 membris
501 976 680 1038 obeuntibus
693 977 724 1037 ia
737 997 790 1054 se,

45 1069 121 1132 Non
133 1071 266 1132 obcunte
276 1069 366 1144 Deo,
375 1072 463 1151 cujus
473 1071 579 1130 virtute
590 1085 761 1133 retrorsum

44 1157 180 1226 {ntemae
191 1175 314 1245 patuere
325 1159 401 1238 riae,
410 1176 570 1244 ruptaeque
582 1160 722 1226 'fatiscunt

44 1257 154 1320 Divisa
165 1276 309 1340 compage
323 1269 429 1338 petrae,
444 1258 577 1317 rediviva
588 1259 740 1338 jacentum

49 1350 196 1433 Corpora
205 1363 375 1412 sauctorum
387 1349 486 1412 fractis
499 1349 601 1426 abiere
613 1350 777 1431 sepulcris,

45 1443 85 1504 ln
98 1445 215 1507 eineres
228 1443 358 1504 animata
368 1461 452 1513 suos3
468 1443 627 1522 subitoque
638 1443 757 1526 fragore

48 1537 128 1599 lllud
141 1558 235 1599 ovans
247 1536 412 1617 templum,
427 1537 550 1618 majoris
563 1536 694 1598 culmina
706 1534 814 1619 tempii

46 1629 249 1694 Procubuisse
262 1631 381 1705 videus,
394 1630 453 1690 ritu
465 1623 630 1712 plangentis
643 1631 783 1708 alumni,

47 1724 158 1788 Saucia
169 1725 293 1786 discisso
304 1724 426 1785 nudavit
438 1737 560 1803 pectora
569 1723 657 1800 velo,

47 1817 200 1880 Interiora
212 1817 258 1878 sui
270 1817 393 1898 populis
405 1835 511 1877 arcana
524 1815 629 1876 suturis

46 1911 121 1973 Jam
133 1911 294 1973 reseranda
306 1911 432 1985 docens,
447 1911 517 1988 quia
527 1910 572 1970 lex
585 1908 734 1970 velamine
748 1907 832 1972 Mosi

45 2004 142 2068 Tecta
155 2006 228 2078 diu,
244 2001 365 2066 Christo
377 2004 466 2064 nobis
475 2003 633 2079 veniente,
647 2004 782 2084 patescit.

89 2099 174 2174 Dic,
188 2097 348 2182 obinunt,
361 2097 470 2172 tristis,
482 2097 625 2171 victoria,
638 2095 707 2170 uie,
721 2097 773 2157 ubi
785 2103 865 2159 nuuc
877 2097 936 2174 sit„¹

52 2188 160 2265 Mors,
175 2187 510 2265 commemoranda,
525 2190 612 2250 mus?
623 2207 688 2267 que
695 2207 819 2272 'semper
826 2179 937 2274 opimis

52 2282 221 2346 insaturata
232 2281 336 2358 malis,
348 2283 618 2360 cunctasinv'adere
631 2279 743 2366 gentes

34 2375 170 2439 'Peenali
181 2377 295 2437 (titione
306 2375 454 2448 soles37eu
465 2377 610 2458 pessima,
625 2397 688 2437 non
701 2389 734 2436 tu
913 2435 917 2439 .
992 2451 994 2456 Ι

53 2468 198 2534 Perveuis
212 2472 249 2529 ad
264 2467 438 2546 Christum,
452 2472 505 2530 sed
517 2458 803 2551 Christus‘perve'ntt
814 2473 851 2534 ad
864 2483 917 2550 te,

55 2561 112 2626 Cui
126 2565 215 2626 licuit
227 2563 291 2623 siue
302 2575 401 2623 morte
412 2563 513 2638 mori,
526 2564 636 2644 quique
645 2565 895 2648 omnia-gignens,

55 2654 174 2718 Omnia
187 2658 390 2731 constituens,
404 2670 434 2716 te
446 2675 509 2718 nou
523 2658 677 2728 sorrnavit3
686 2661 725 2718 u't
738 2677 831 2738 esses,
873 2649 878 2660 ³

56 2745 178 2812 Semine
192 2751 332 2831 vipereo,
347 2751 595 2834 culpugenatrice
611 2751 738 2826 crearis,

56 2840 108 2917 Et,
121 2845 211 2906 venia
220 2858 381 2927 regnante,
394 2846 484 2925 peris.
499 2844 572 2906 Jam
585 2846 705 2926 spiritus
717 2857 796 2908 artus

56 2933 87 2997 Li
93 2950 200 3020 querat
213 2939 398 3020 aducamus,
410 2936 513 3020 patulo
525 2942 586 3021 jam
596 2940 705 3023 frigida
718 2940 798 3025 ligno

58 3027 179 3094 Viscera
192 3033 383 3113 pendebant,
397 3047 426 3094 et
437 3035 533 3095 adhuc
547 3033 649 3108 furor,
662 3053 746 3096 arma
756 3035 941 3116 ministrans,
1004 3077 1007 3081 -

58 3119 190 3210 Cuspide
202 3127 372 3209 perfossum
384 3127 477 3200 violat
489 3128 566 3192 tatus
579 3150 593 3191 :1
601 3148 677 3212 eque
688 3129 801 3211 patenti

833 3248 849 3317 7
889 3232 893 3242 ,
