2126 3848
134 289 191 355 292
389 263 750 341 orsosrnni

173 373 302 466 Erotos,
318 379 410 441 viiem
422 392 524 444 mente
537 379 686 466 relinquat
695 380 845 456 humum,

132 468 178 530 Ut
188 471 263 532 sacri
277 473 383 556 tempii
396 495 572 554 quacunque
583 476 615 534 in
626 485 709 554 parte
722 473 840 534 locetur
853 515 863 547 ,

174 562 320 648 Magnum
333 569 389 629 erit
401 570 432 630 in
443 569 707 722 capiffliooe'
719 566 870 680 quidquid
884 567 958 682 erit.

106 758 123 770 ”
135 747 284 830 Quamvis
294 754 325 814 in
336 757 426 817 sacris
437 756 542 830 libris,
557 775 632 834 qnos
645 773 736 814 nosce
746 751 895 828 laboras,

158 843 163 857 ¹
177 843 311 906 Plurima
322 847 382 908 sint
394 849 490 910 ieetor
502 849 617 923 clausa,
633 861 662 908 et
675 865 771 927 opaca
783 846 861 922 tibi,

135 937 292 1022 Invigilare
307 952 407 1002 tamen
417 943 517 1004 studio
528 963 566 1002 ne
578 941 680 1002 desine
691 952 795 1000 sancto
805 961 814 1010 ς

176 1029 324 1096 Exercent
337 1035 473 1096 animum
483 1035 563 1096 dona
573 1046 689 1100 morata
702 1045 808 1107 tunm,

137 1122 263 1186 Gratior
276 1140 319 1188 est
333 1128 462 1202 fructus,
473 1148 565 1207 qoem
578 1147 645 1208 spes
655 1126 834 1208 productior
847 1127 943 1201 edit,

178 1217 272 1280 Ultro
286 1221 474 1304 objectorum
486 1221 574 1282 vilius
584 1233 627 1282 est
639 1220 771 1300 pretium
785 1241 794 1277 ι

140 1307 305 1376 Obiectant
315 1317 476 1396 adoperata
488 1316 580 1376 etiarn
595 1313 737 1398 mysteria
750 1323 914 1390 mentem,

181 1405 247 1486 Qui
260 1411 359 1488 dedit,
372 1423 404 1472 ut
418 1429 551 1490 quaeras,
565 1409 669 1482 addet,
686 1419 717 1468 ot
730 1407 880 1470 invenias.

507 1498 658 1562 Lxxtl.

141 1593 235 1656 Ferre
253 1613 362 1675 parans
382 1593 518 1660 Christos
536 1613 675 1677 poenam,
692 1605 889 1675 mortemque
909 1593 1031 1677 propin

302 1708 414 1778 qoam,

84 1853 86 1858 ,
182 1781 388 1863 Invictamque
401 1785 460 1846 sois
474 1785 647 1868 ingenerare
661 1782 773 1857 fidem,

142 1874 223 1938 Cum
235 1898 327 1958 prece
337 1879 511 1961 sanguineas
521 1878 664 1940 fundebat
676 1895 806 1958 corpore
818 1887 937 1959 guttas,
974 1945 980 1954 ¹

183 1970 223 2032 Et
236 1972 368 2053 pretium
379 1973 587 2034 mnndisndor
599 1983 662 2032 erat
675 1970 825 2044 Domini,

100 2105 105 2112 -
142 2063 211 2127 Nec
226 2061 334 2128 Crucis
349 2067 491 2148 asperitas
503 2077 622 2147 poterat
631 2078 745 2152 terrere
760 2063 937 2139 volentem,

192 2157 272 2237 Quae
285 2173 449 2242 regnaturae
459 2159 555 2244 glorie
567 2160 664 2222 earnis
675 2172 754 2230 erata

143 2249 204 2312 Sed
217 2271 307 2312 cruor
321 2251 371 2314 ilie
383 2271 470 2335 pares
483 2254 590 2316 sanetis
601 2252 768 2334 spondebat
779 2251 937 2326 honores,
1050 2257 1051 2266 ’

185 2343 310 2404 Orturis
320 2349 384 2407 toto
398 2365 528 2429 corpore
540 2345 739 2431 martyribus:

143 2436 226 2499 Nam
240 2456 309 2496 enm
320 2455 403 2497 saera
415 2458 499 2522 seges
511 2453 660 2502 terrarum
670 2437 844 2522 impleverit
856 2438 991 2513 orbem,

147 2541 152 2548 ’
186 2527 300 2589 Omnis
313 2531 351 2592 ab
361 2530 421 2592 hoe
431 2553 493 2594 uno
506 2536 623 2596 semine
638 2534 742 2596 messis
753 2534 820 2594 erit.

499 2624 561 2687 LX
569 2626 676 2688 xttl.

145 2714 291 2801 Magnum
305 2721 478 2800 praesidium
492 2733 536 2782 est
549 2741 634 2783 sacro
647 2720 793 2782 libamine
803 2721 910 2800 pasci,

192 2810 226 2871 Si
237 2814 458 2895 corpartieipis
468 2815 595 2884 crimina
607 2815 689 2876 nulla
703 2828 862 2896 premunt;

148 2905 228 2968 Nam
242 2907 374 2990 geminat
383 2909 504 2972 sibimet
516 2911 630 2990 peceati
642 2910 776 2991 pondera
786 2951 795 2984 ‚
807 2908 967 2988 quisquis,
1048 2971 1049 2982 χ

191 3000 269 3082 Quae
283 3001 362 3062 bona
374 3015 461 3080 sunt,
475 3023 595 3066 sumens
605 3047 616 3080 ,
628 3001 805 3084 qnaefmaia,
817 3022 883 3062 non
899 3001 1012 3082 refugit·
