2106 3846
178 301 237 386 198
405 299 808 365 tricenarius
936 291 1010 376 ιδῃ.

177 408 312 470 Cernunt
324 405 480 486 pulvereas
492 407 524 464 in
536 403 645 466 coelum
655 423 776 485 surgere
787 402 891 462 nubes.
979 411 983 426 ’

176 497 329 563 Cunctatis
341 499 475 579 primum
489 518 559 558 mox
572 497 690 580 agmina
702 515 780 557 sreva
793 507 955 576 patescunt,

131 607 134 620 ·
173 590 205 652 N
209 611 249 651 on
261 604 361 652 tamen
375 591 503 651 infensas
515 591 627 671 patitur
638 588 828 650 committere
840 601 934 669 partes

175 680 247 743 Sole
260 681 314 745 sub'
327 683 452 746 occiduo
467 683 582 744 vicinus
592 681 697 762 prselia
709 701 826 761 vesper.

172 774 299 838 Distulit
310 777 343 836 in
357 777 455 837 lucem
466 773 590 836 vallatus
601 773 679 834 bella
693 785 855 856 tyrannus,

171 867 213 927 Et
226 869 287 928 fors
298 871 433 928 ardentes
444 869 580 927 nondum
592 879 796 947 compesceret
811 867 889 943 iras,

172 958 242 1023 Nec
254 981 371 1023 servare
384 961 468 1021 furor
479 959 623 1040 potuisset
634 959 746 1036 foedera
756 961 840 1020 nocti
852 1003 862 1035 ‚

172 1053 384 1134 Auroramque
397 1052 468 1134 velit
479 1053 571 1130 motis
584 1051 752 1132 praecedere
766 1051 878 1133 signis,

172 1145 332 1208 Flammea
342 1148 374 1206 ni
386 1159 468 1206 retro
481 1145 641 1206 subsistens
654 1143 731 1204 forte
742 1143 886 1204 columna

174 1235 308 1319 Obiecta
318 1239 419 1300 medio
434 1250 534 1320 gentes
548 1237 730 1297 discerneret
743 1237 857 1300 ambas.

175 1329 394 1412 Contemplans
408 1353 457 1390 rex
470 1332 534 1411 ipse
546 1342 647 1389 tamen
661 1329 801 1390 mirabile
812 1330 932 1404 lumen,

174 1421 227 1512 Sic¹
238 1424 339 1505 ignem
351 1424 472 1498 metuit,
486 1424 566 1501 quod
579 1442 666 1482 sensu
676 1421 807 1485 fervidus
819 1425 912 1484 ardet

67 1568 71 1580 Ι
174 1513 383 1592 Paulatimque
397 1515 478 1573 mori
488 1535 550 1575 non
564 1514 699 1596 proluit:
722 1515 782 1575 itur
793 1519 832 1576 ad
844 1537 932 1577 unam

175 1604 254 1686 Quae
264 1606 384 1686 claudat
391 1620 512 1668 cunctos
525 1608 630 1690 pelago
643 1609 796 1688 pandente
805 1610 931 1672 ruinam.

216 1696 306 1759 Plebs
316 1700 446 1779 trepidat
459 1701 599 1762 conclusa
611 1701 700 1777 loco,
714 1701 865 1781 finemque
881 1695 989 1781 sequenti

174 1791 332 1873 Exspectat
344 1794 496 1874 pavefacta
508 1794 575 1870 die,
587 1814 650 1853 non
661 1793 737 1869 tela,
751 1815 808 1856 nec
822 1793 898 1856 ullas

174 1884 335 1948 Bellorum
348 1887 454 1947 molita
467 1889 565 1962 vices,
579 1887 632 1946 sed
643 1907 716 1948 voce
729 1887 825 1964 lerata

174 1976 303 2041 Vatibus
316 1980 452 2040 insistens
466 2004 473 2039 ι
488 1999 507 2041 o
519 1991 622 2058 terque
634 1992 797 2059 quaterque
809 1979 909 2056 beati,

175 2069 330 2155 AEgyptus
342 2094 416 2152 quos
429 2085 527 2148 morte
539 2071 625 2146 tulit,
637 2071 744 2146 tellure
757 2073 804 2133 vel
817 2073 919 2154 ampla

175 2161 296 2224 Urnam
309 2165 603 2248 defunctissuprema
615 2176 695 2224 sorte
707 2165 839 2244 paravit!

175 2255 271 2338 Digni
284 2259 335 2342 qui
347 2271 443 2320 tantos
456 2269 606 2338 nequeant
617 2257 728 2316 sentire
743 2257 881 2333 dolores,

174 2347 246 2411 ·Nec
257 2363 383 2432 stragem
397 2351 509 2431 prolis,
523 2350 571 2412 vel
583 2349 710 2436 'pignqra
720 2362 807 2430 capta
817 2351 927 2412 videre.
963 2351 968 2358 ’

176 2440 307 2502 Alitibus
319 2461 374 2500 nos
390 2463 456 2504 esca
467 2444 549 2519 dati,
564 2462 621 2503 uec
633 2443 703 2502 sede
716 2443 846 2524 sepulcri

179 2533 310 2594 Condita
321 2536 437 2596 deserto
452 2535 603 2598 solventur
615 2555 745 2615 corpora
757 2549 849 2598 vasto.

104 2653 107 2666 Α
176 2625 264 2689 Talia
277 2650 349 2692 voce
363 2629 420 2692 riri
435 2654 441 2690 r
454 2631 610 2710 respondit
622 2628 749 2690 luctibus
762 2650 854 2691 omne

176 2718 309 2805 Vulgus,
325 2737 354 2785 et
365 2742 490 2786 accenso
504 2721 647 2802 persultat
659 2722 746 2784 turba
760 2722 915 2784 tumultu.'

218 2814 298 2876 'l'um
312 2819 405 2901 qanoti
418 2835 535 2897 coepere
549 2815 638 2876 duces
650 2815 941 2894 promissa-referre,

178 2905 337 2988 Solarique
351 2921 483 2984 metum,
497 2906 823 2990 fletusque-abstergere
836 2908 930 2970 dictis.

177 2999 358 3079 Quaesumus
372 3001 501 3083 ingratos
513 2999 655 3081 deponite
668 3011 768 3060 mente
782 3001 924 3076 timores,

178 3091 303 3178 Experti
316 3093 444 3156 multum
455 3113 512 3160 uec
523 3093 706 3174 desperanda
719 3091 830 3174 putetis
