2106 3846
147 316 208 410 ubo
390 323 437 378 ¹D.
472 321 763 377 Pttost‘uttt
922 315 1027 379 mbb

147 421 284 487 Crevisse
297 417 438 480 auxilium
449 403 457 476 ι’
469 437 533 478 non
546 436 606 497 quo
620 431 773 494 cessante,
785 415 916 480 salutem

144 517 219 580 Non
233 525 353 596 cuperet
365 528 422 604 per
433 510 570 572 difficiles
582 523 686 571 natura
697 511 833 587 labores,

145 609 205 674 Sed
217 629 278 690 quo
287 618 409 670 conatus
419 623 547 686 operum
561 604 742 682 affectusque
755 608 874 686 jurante

143 702 337 786 Propositum
349 700 434 764 citius
447 700 540 762 ferret
549 719 635 760 mens
648 698 744 759 libera
757 700 904 781 palmam.

142 799 264 873 Dicite,
277 817 346 860 cum
360 795 487 856 inientes
499 806 700 870 renovantur,
715 813 779 855 non
793 799 942 861 renovari

142 889 427 964 lnsontesanimus‚
442 887 775 952 ctsolacarnerenasci
924 899 928 902 '

142 985 280 1048 Exterius
293 983 389 1058 lotos,
402 1003 466 1043 non
476 982 665 1044 existentibus
680 983 739 1044 illis
824 1033 827 1036 .

143 1079 274 1142 interius
295 1075 433 1140 maculis:
446 1076 590 1157 quonium
603 1075 674 1139 iicet
684 1079 775 1152 edere
788 1090 880 1142 rectae

145 1173 237 1257 Signa
246 1170 408 1234 -voluntatis
420 1182 587 1250 nequeant,
600 1183 701 1240 tamen
711 1171 772 1234 boc
783 1174 880 1255 magis
894 1173 984 1236 omni

146 1266 244 1328 Sorde
257 1277 362 1327 vacent
371 1305 381 1338 ,
391 1282 481 1344 super
493 1263 623 1334 auctoris
634 1266 715 1342 quod
730 1266 947 1327 conditionem

143 1360 195 1423 lle
208 1359 336 1441 proprio
346 1355 422 1418 nibil
435 1355 604 1416 addiderint
617 1359 697 1435 quod
711 1357 780 1419 lons
791 1358 943 1422 aboleret.

189 1453 265 1514 llaec
277 1453 303 1513 si
316 1471 380 1512 non
390 1448 496 1511 vestris
505 1448 621 1531 spirant
633 1451 670 1514 de
682 1451 844 1530 cordibus,
859 1465 892 1516 et
906 1475 962 1518 ros

146 1546 178 1608 N
181 1566 221 1606 on
231 1566 302 1607 cum
315 1542 465 1604 damnatis
475 1543 581 1613 eadem
595 1545 665 1610 ratis
679 1545 782 1609 extulit
794 1546 857 1608 alto

147 1639 330 1721 blergeudos
343 1636 468 1720 pelago,
483 1637 650 1698 submittite
663 1633 729 1700 reia
739 1641 892 1720 tumoris,

145 1732 376 1811 Nobiscumque
386 1729 515 1792 humiles
528 1731 648 1813 placido
660 1735 812 1794 consistite
825 1747 933 1816 portu,

146 1826 238 1888 Edite
250 1837 420 1888 constanter
432 1837 546 1894 nuturae
560 1824 682 1888 uulnera
694 1825 797 1903 victae,

148 1921 277 1984 Exutam
286 1920 397 1989 virtute
406 1918 739 2000 animam,coecataque
751 1921 851 1981 cordis
1047 1997 1048 2000 Ἴ

151 2017 301 2094 Lumina,
318 2027 348 2084 et
361 2015 393 2081 iu
406 2031 527 2095 poenem
540 2015 699 2096 propriam
711 2015 814 2098 jaculis
827 2018 996 2099 superantis
1047 2005 1048 2053 l

152 2112 312 2175 Armatum
323 2109 642 2188 arbitriemnunquam
654 2127 833 2194 consurgere
845 2131 957 2192 posse,
1046 2161 1047 2209 ,

151 2205 248 2284 Inque
260 2219 355 2266 nosos
367 2199 467 2279 lapsus
478 2215 599 2279 semper
609 2201 733 2262 nitendo
744 2204 858 2266 revolvi
871 2207 888 2268 ἓ

157 2297 217 2360 Cui
229 2295 330 2356 suasit
342 2294 465 2371 laqueus
477 2291 639 2373 supientia,
652 2310 795 2374 morsque
806 2300 969 2361 subactum
1045 2309 1046 2365 i

153 2391 298 2452 Detincat
310 2430 320 2463 ,
333 2386 392 2446 uisi
404 2405 475 2446 vera
487 2385 605 2446 salusex
618 2403 744 2447 munere
759 2385 873 2449 Christi

157 2483 262 2557 Adsit,
275 2494 305 2542 et
318 2498 493 2560 oppressam
504 2480 640 2564 dignetur
652 2479 760 2542 G'ratia
769 2496 918 2546 mentem.
1044 2459 1045 2521 l

199 2577 249 2637 An
261 2587 392 2638 vestrum
405 2573 566 2634 sublimem
577 2575 712 2636 animum
721 2579 814 2658 pudet
825 2579 880 2640 ista
894 2580 997 2658 fateri,
1043 2609 1044 2677 p

159 2671 211 2737 Ne
222 2671 346 2733 subtum
358 2665 465 2749 multis¹
473 2668 588 2728 morbis
597 2669 634 2728 sit
642 2669 731 2730 vilior
742 2673 843 2754 aeger?

62 2797 67 2808 ’
164 2766 245 2830 Cum
253 2765 329 2827 nibil
341 2785 376 2829 ex
389 2762 474 2823 omni
487 2764 637 2843 majorum
645 2764 715 2826 dote
728 2766 857 2846 supersit
1042 2775 1043 2836 i

164 2860 238 2942 Quo
250 2857 362 2920 medici
374 2870 525 2919 mereatur
537 2876 648 2938 opem,
670 2869 699 2920 et
712 2859 853 2921 mercede
866 2861 999 2924 valescat
1041 2893 1042 2910 κ

163 2955 246 3039 Ergo
261 2959 290 3015 in
304 2965 398 3016 cestra
409 2954 533 3036 gradum
547 2963 684 3014 revocate
695 2952 836 3029 hostilia,
853 2953 956 3018 stillis
1041 2913 1042 2991 l

165 3045 950 3130 Additevos,quorunringenioetfallacibusarmis

165 3143 300 3222 Luditis,
314 3137 860 3232 ejusdemribrautesspiculsliuguae,
1038 3179 1040 3304 A
