2142 3858
25 334 136 398 mttt.
256 333 650 400 pennottus
844 335 903 420 4¹9

24 439 120 516 instar
130 439 241 500 montis
251 439 365 501 habens
376 439 488 507 incedit
501 442 595 503 bestia
608 441 700 502 mole.

25 530 180 594 Promitnr
193 532 294 616 anguis
304 533 406 608 hiens,
421 534 555 613 quatiens
567 534 621 596 sub
633 536 723 596 dente
732 551 882 594 venenum
894 575 903 606 ‚

23 621 61 684 Et
73 624 228 686 maculosa
240 625 320 705 repit
329 627 462 705 squamis
470 647 527 708 per
535 627 649 689 viscere
658 645 802 708 serpeus,

23 717 94 778 Atra
106 738 225 780 venena*
234 739 346 780 nocens
355 720 481 780 missura
492 739 509 780 e
520 719 637 782 flatibus
650 721 732 793 oris,
757 723 759 730 ⁴

23 809 59 872 Et
71 811 174 874 subito
187 830 324 891 sparsura
331 832 434 895 graves
442 829 498 893 per
506 813 594 874 sibile
607 825 720 875 mortes
731 857 742 888 ‚

21 905 120 985 Atque
134 904 239 965 eadem
251 905 397 967 membris
410 906 598 986 impertitura
610 905 753 969 medelas.

21 996 79 1058 Sed
93 1016 137 1057 ne
149 993 253 1059 cun'cta
264 997 355 1059 simui
366 1000 478 1079 passim
490 1011 548 1081 per
559 1014 666 1063 cuncta
677 1000 820 1071 tuissent,

21 1089 184 1152 Distribuit
195 1089 262 1153 locs
272 1103 352 1153 certe
364 1089 469 1167 Dens,
484 1105 514 1153 et
524 1105 663 1173 tempora
674 1093 744 1154 fixit.

21 1183 176 1267 Tempore
188 1205 253 1246 non
264 1205 325 1246 uno
336 1186 480 1259 veniunt,
493 1205 559 1263 quse
570 1203 646 1260 suere
654 1198 808 1247 vocantur.

23 1278 91 1340 Non
104 1299 228 1361 semper
238 1292 340 1341 movet
349 1297 433 1340 arms
446 1277 495 1338 leo
506 1322 514 1350 ‚
527 1297 586 1339 nec
595 1277 732 1358 scorpius
742 1278 821 1339 ictus
946 1341 949 1347 ,

22 1369 151 1454 Semper
161 1372 266 1448 habet,
282 1393 339 1434 nec
350 1392 471 1452 semper
480 1371 540 1455 egit
550 1365 727 1450 seravipers
739 1391 867 1448 morsus,

21 1463 86 1527 Nec
97 1487 222 1546 semper
232 1465 342 1527 tollunt
355 1467 392 1525 ad
405 1464 529 1526 vulnera
539 1463 618 1526 colla
629 1477 770 1541 ceraste,

20 1555 85 1620 Nec
96 1579 219 1639 semper
229 1559 301 1619 furit
311 1559 390 1619 unda
400 1557 508 1633 maris,
520 1577 577 1619 nec
587 1577 708 1638 semper
720 1558 820 1620 adurit

21 1649 98 1712 Solis
107 1653 219 1731 ubique
232 1651 331 1727 calor,
345 1671 402 1732 pro
414 1664 553 1731 tempore
566 1664 715 1732 temperet
726 1651 810 1734 ignes

20 1741 78 1805 Pro
93 1744 218 1827 regione
231 1744 325 1826 plagas
336 1787 346 1817 ‚
359 1755 417 1824 pr'o
427 1757 567 1824 tempore
579 1756 728 1826 temperat
741 1745 854 1819 undas,

18 1835 58 1897 Et
69 1839 171 1914 modo
182 1836 328 1899 bellantes
338 1834 443 1900 fluctus
454 1836 532 1897 freto
542 1837 626 1919 pigra
637 1838 786 1918 jacebunt.

19 1926 88 2012 lpse
103 1930 210 2011 polus,
223 1931 275 2010 qni
288 1931 399 2013 grande
410 1943 511 2004 tonat,
526 1929 590 1990 sine
603 1928 683 1990 nube
696 1948 826 1992 serenus·

21 2022 91 2085 Jam
105 2035 203 2100 tacet,
216 2036 246 2084 et
257 2044 336 2104 puro
348 2024 474 2084 redeunt
485 2041 538 2083 sus
548 2020 663 2081 lumine
676 2020 763 2084 coelo.

7 2172 11 2178 .
56 2117 158 2178 Mults
167 2116 242 2178 locis
254 2117 321 2177 dete
333 2127 401 2177 sunt
413 2115 502 2176 variis
515 2114 649 2196 disperse
659 2133 715 2196 per
728 2113 847 2178 orbem.

18 2211 111 2273 Arida
124 2211 263 2291 vipereos
272 2212 381 2292 angues
391 2209 519 2289 suscepit
532 2227 641 2284 arene,

20 2305 158 2368 Humida
168 2303 290 2364 sortitur
302 2302 389 2362 telius
400 2299 463 2362 seru
470 2297 549 2364 colla
560 2302 699 2379 leonum,

17 2399 102 2459 india
114 2415 184 2458 cum
195 2395 323 2479 gemmis
336 2407 366 2454 et
376 2393 509 2456 eburnea
520 2408 654 2460 monstra
666 2395 810 2457 minetur.

16 2489 126 2551 Bellus
137 2489 254 2549 divinos
266 2488 513 2570 interponeretur
527 2489 637 2550 odores
649 2531 659 2565 ‚

17 2581 252 2660 Ambrosiasque
266 2580 344 2661 rapit
356 2580 434 2642 male
446 2580 584 2662 frangens
595 2581 690 2643 bestia
701 2599 828 2654 metten
884 2607 888 2614 ·

17 2674 212 2754 incertusque
226 2673 311 2735 color
323 2673 406 2756 tigris
415 2693 472 2753 per
483 2673 567 2735 mille
579 2674 699 2736 colores

16 2766 179 2828 Montibus
196 2765 347 2848 Hyrcanis
358 2766 438 2826 venit
448 2809 458 2841 ,
470 2779 558 2844 utque
571 2767 661 2828 effeta
671 2769 781 2830 merito
858 2816 862 2821 .

15 2857 171 2934 Mittitur,
185 2875 219 2919 ut
233 2861 468 2924 vincetcurrens
481 2858 585 2919 orbata
594 2860 751 2940 procellos.

15 2950 175 3015 Cornibus
186 2953 294 3014 erectis
305 2951 408 3014 sortita
419 2964 463 3012 est
474 2950 578 3012 Africa
587 2952 708 3029 damas,

14 3043 162 3130 Concava
182 3045 346 3127 suscipiunt
358 3066 414 3129 per
427 3056 545 3106 montes
557 3063 623 3108 sext
635 3047 787 3110 dracones.

16 3136 140 3202 cetera
152 3137 303 3225 distribuit
312 3141 438 3218 dirersis
446 3138 561 3204 semino
574 3138 683 3216 terris,
