2172 3862
136 332 199 408 468
408 351 750 406 nnucottt'tt.
912 330 1022 396 mot.

138 437 268 522 Semper
280 453 310 503 at
323 455 441 507 aeterna
454 445 552 509 felicia
566 445 649 509 luera
662 444 822 506 dabuntur.

137 531 169 595 N
172 553 207 595 ee
222 537 303 597 nudo
314 557 454 600 sermone
466 542 551 602 decet
562 540 739 621 promittere
752 547 846 598 tanta

138 626 224 707 Quid
238 643 324 710 pater
338 633 507 711 Abraham,
519 634 593 713 quid
606 633 671 696 lsae
684 630 829 692 meruisse
842 623 1008 711 leguntur?

138 719 263 784 Horum
275 727 432 807 posteritas
444 728 571 808 replevit
583 726 719 811 gentibus
730 725 851 786 orbem.

58 871 63 886 ,
80 858 82 868 ·
138 815 302 880 Barbaries
316 840 372 882 neo
385 820 448 881 sola
457 822 547 882 datur
560 822 598 882 de
610 819 748 904 germine
759 819 859 900 justo,

45 915 47 920 '
138 907 181 971 Et
199 931 325 974 romana
338 933 443 976 manus
454 915 547 980 hocce
561 928 605 978 est
618 916 655 977 de
668 912 811 998 sanguine
828 911 904 973 susa.

137 1003 201 1067 Dat
214 1007 310 1088 major
320 1007 429 1091 gentile
442 1029 536 1092 genus
547 1027 726 1092 germanus,
743 1019 772 1068 et
784 1004 902 1088 hostis,

139 1097 182 1159 Et
193 1100 295 1163 minor
308 1102 423 1180 eduxit,
444 1103 496 1183 qui
509 1124 635 1166 munera
648 1101 731 1184 pacis
744 1113 893 1161 amarent.

141 1190 470 1278 Subjiciatquisquum:
488 1195 670 1260 Sanctorum
684 1216 754 1258 vera
766 1212 908 1277 propago

142 1286 236 1358 Petis⁴
248 1303 396 1354 amatores
409 1291 518 1360 merito
530 1336 539 1367 ,
553 1293 688 1374 justeque
702 1289 826 1353 creavit.
866 1355 870 1362 1
950 1351 954 1362 ,

141 1381 290 1463 Nunquid
304 1397 333 1445 et
343 1384 495 1461 immites,
510 1386 562 1465 qui
575 1386 703 1469 gaudent
721 1382 866 1466 sanguine
880 1380 971 1457 suso,

140 1474 298 1538 Debuerat
310 1479 447 1560 proferre
460 1479 549 1540 simul
561 1479 679 1541 feritate
694 1476 859 1540 eruentus?

139 1569 219 1634 Haec
229 1571 315 1632 illum
329 1594 471 1655 responsa
489 1575 629 1651 doment,
641 1570 932 1652 faciantque-silere.

139 1662 216 1724 Non
226 1666 358 1746 agnoscit
371 1667 453 1727 iners
462 1669 575 1744 animi,
586 1667 711 1729 rationis
724 1685 857 1749 egenus,

141 1755 297 1839 Tempora
310 1761 392 1839 quod
403 1762 508 1821 mundi
522 1761 611 1824 rebus
622 1774 689 1822 sunt
701 1754 787 1840 capta
802 1757 941 1818 duabus:

103 1916 109 1927 ,
141 1850 203 1913 Aut
213 1871 270 1934 pax
282 1865 345 1929 est,
365 1866 414 1916 aut
427 1853 507 1916 bella
519 1855 668 1930 fremunt,
686 1854 891 1934 quodeunque
904 1852 1037 1913 duorum

142 1944 332 2008 Alterutrum
343 1968 413 2008 mor
427 1961 545 2030 tempus
558 1948 669 2022 habet,
682 1967 739 2009 nec
748 1945 841 2008 tertia
854 1965 904 2008 res
915 1958 978 2023 est,

142 2039 300 2122 Tempora
311 2063 378 2121 quae
389 2046 496 2102 teneat.
509 2039 605 2102 Dedit
618 2063 689 2125 ergo
702 2053 843 2122 tempora
857 2039 1008 2124 princeps

145 2132 264 2198 Omnia
276 2155 332 2216 per
333 2147 475 2292 ,ff
438 2154 542 2218 genem
533 2133 743 2196 manifestius
756 2132 833 2196 Isau.
883 2151 889 2162 ·

144 2226 287 2291 AEtatem
301 2249 331 2288 m
396 2227 552 2290 tretinens
572 2229 725 2291 descendit
738 2227 844 2311 origo,
880 2261 888 2276 ·

146 2321 336 2386 Continuam
349 2323 503 2383 dominata
523 2335 625 2391 manet
637 2344 694 2406 per
710 2322 811 2384 secula
824 2322 949 2384 mundi.

144 2415 214 2478 Nec
224 2427 346 2494 tempus
358 2416 471 2498 retinet
478 2429 594 2477 tantum
606 2460 615 2494 ,
628 2415 773 2500 spatiatur
785 2415 818 2476 in
833 2415 969 2491 orbem,

145 2508 218 2587 Qua
230 2506 366 2590 profert,
380 2507 518 2590 tollitque
531 2511 614 2572 diem
625 2510 689 2586 sol,
711 2508 836 2570 luminis
849 2509 970 2586 index,

147 2602 220 2683 Qua
231 2597 326 2662 nescit
337 2597 462 2662 lustrare
476 2603 586 2683 polos,
606 2623 664 2684 qua
676 2602 835 2664 flammeus
848 2602 935 2678 urit,

146 2695 283 2782 Imperat
294 2705 323 2756 et
335 2691 460 2777 pelago;
474 2695 583 2757 ooeium
598 2697 731 2780 possedit
745 2696 830 2779 origo

148 2790 257 2855 Sancta
267 2789 505 2873 prophetarum,
526 2803 609 2852 tenet
621 2803 652 2852 et
665 2790 732 2852 loca
744 2809 851 2872 magna
865 2788 1009 2870 piorum:

148 2881 265 2946 Omnia
278 2883 410 2965 possedit
422 2883 577 2947 benedicti
591 2882 651 2945 iata
663 2902 807 2966 propago.

190 2973 253 3038 Sed
265 2995 322 3040 neo
333 2977 414 3040 solus
427 2989 508 3055 erat,
524 2998 616 3058 quem
631 2997 700 3060 spes
712 2995 817 3039 secura
829 2974 926 3036 futuri

151 3068 278 3158 Egregie
290 3068 402 3132 faceret
414 3083 594 3153 praesentem
608 3084 744 3132 temnere
758 3070 862 3132 vitam.

151 3164 243 3248 ignea
255 3175 314 3226 tres
325 3183 439 3245 pueros
452 3166 556 3230 fornax
564 3178 719 3250 exceperat
729 3163 838 3226 ardeus
