2198 3844
56 318 177 390 may.
264 303 739 378 CARMEN'PAS'GH'AIE.
911 305 953 389 [5

62 409 257 473 Circumfusa
270 413 367 482 sacras
379 407 555 476 lambebant
564 427 717 478 marmora
729 405 853 498 plantas.

62 503 195 567 Miratur
207 506 372 586 stupefacta
385 505 512 584 cohors,
523 511 577 571 sub
592 512 666 573 calle
680 513 811 593 pedestri

63 593 226 682 Navigeras
238 602 370 681 patuisse
383 602 446 662 vias
458 626 466 662 ε
480 617 509 663 at
522 601 628 666 Petrus
637 595 766 667 amicam
864 599 868 610 ’

62 697 416 773 Doctusbabere-fidem‚
434 693 951 782 Christumque'agnosceresemper,

64 788 95 850 ln
109 793 225 852 medias
238 792 393 854 descendit
408 807 516 870 aquas,
532 805 621 872 quem
637 795 736 853 dextra
748 793 858 855 levavit

67 883 234 947 Labentem?
245 885 400 960 Domini,
414 885 458 944 nil
471 888 598 947 tauto‘in
613 887 725 970 gurgite
740 897 858 967 passuro
872 911 880 948 ι

66 977 118 1039 Cui
130 991 238 1060 portus
254 979 311 1039 suit
325 978 376 1038 illa
389 976 512 1054 manus,
526 981 681 1062 pelagique
696 981 794 1042 viator

60 1069 169 1133 Libera
186 1092 246 1152 per
261 1071 371 1132 vitreos
384 1073 480 1132 movit
491 1073 610 1156 vestigia
622 1065 755 1154 campos.

98 1166 244 1232 Genesar
257 1165 326 1224 inde
338 1163 412 1247 soli,
428 1163 567 1225 Domino
578 1167 734 1241 veniente,
751 1167 852 1228 coloni

58 1257 199 1319 Infirmos
211 1272 328 1318 traxere
341 1279 427 1332 suos,
438 1271 474 1318 ut
486 1259 606 1318 fimbria
619 1259 724 1318 saltem

58 1349 117 1411 Vix
128 1364 237 1413 attacta
249 1351 310 1412 Dei
325 1351 440 1412 morbis
453 1352 626 1412 mederetur
639 1351 770 1422 acerbis3
807 1423 810 1431 p

56 1444 96 1504 Et
109 1457 264 1524 quotquot
277 1446 415 1527 tetigere,
426 1447 528 1528 jugem
540 1465 657 1506 sensere
670 1445 805 1506 salutern.

57 1537 162 1617 Quam
177 1538 308 1618 pretiosa
319 1539 394 1614 suit,
414 1559 479 1616 quae
490 1555 641 1618 nunquam
657 1539 775 1599 vendita
788 1539 896 1602 vestis?

54 1629 124 1712 lpsa
135 1651 244 1690 omnes
257 1631 369 1692 modici
382 1631 552 1692 redimebat
570 1646 696 1692 munere
708 1627 760 1691 lili.

96 1723 184 1785 Hinc
197 1721 304 1806 Tyrias
312 1735 431 1804 partes,
446 1723 631 1803 Sidoniaque
644 1743 713 1786 arva
726 1737 879 1804 petentem

54 1817 152 1877 Anxia
167 1836 225 1896 pro
237 1829 312 1876 nuta
326 1817 398 1877 vitio
411 1819 421 1892 ‚'
436 1837 525 1895 quarn
539 1817 660 1897 spiritus
671 1819 742 1878 atris

53 1907 191 1970 Vexabat
203 1907 347 1988 stimulis,
365 1909 475 1970 mulier
491 1907 658 1986 Cbanauaea
671 1911 811 1992 rogabat,

56 2001 98 2063 Se
112 2002 238 2066 canibus
248 2002 385 2063 confessa
399 2004 523 2082 parem,
536 2003 587 2080 qui
602 2024 674 2064 nare
688 2005 784 2085 sagaci

56 2093 187 2176 Semper
201 2096 331 2155 odoratae
344 2095 488 2157 recubant
501 2095 659 2154 adlimina
675 2111 810 2170 mensee‚·

55 2189 174 2249 Assueti
188 2185 295 2248 refluas
307 2188 502 2248 dominorum
517 2187 653 2248 lambere
666 2189 769 2250 micas.

55 2278 123 2342 Vox
135 2281 276 2354 humilis,
289 2281 533 2355 sed-celsa-fides‚
548 2302 631 2360 quae,
643 2282 754 2362 sospite
767 2293 856 2359 u·ata,'
940 2295 942 2304 ‘

57 2372 104 2435 De
117 2395 192 2436 cane
206 2373 279 2436 fecit
290 2395 394 2448 ovem,
406 2374 559 2456 gentisque
574 2375 605 2434 in
619 2375 751 2435 sentibus
766 2389 863 2436 ortam

57 2464 217 2549 Compulit
232 2466 356 2528 Hebraei
371 2469 408 2528 de
421 2469 556 2550 gramine
568 2468 680 2528 vescier
692 2469 764 2549 agri.
850 2505 853 2510 ,

95 2561 168 2622 Alta
180 2561 288 2622 debinc
301 2562 421 2624 subiens
436 2561 621 2642 montisjuga
633 2605 642 2635 ‚
656 2561 744 2642 plebe
757 2575 916 2642 sequente,

56 2651 155 2714 ldillia
170 2667 317 2716 caecorum
327 2696 336 2730 ‚
345 2652 528 2715 claudorum
542 2651 637 2712 millia
648 2655 780 2734 passim,

55 2745 370 2828 Leprososque'simul
385 2747 531 2829 populos,
550 2748 868 2826 surdasque'catervas,

54 2839 262 2919 lnvalidasque
276 2860 381 2901 manus
395 2863 403 2912 ;
415 2853 444 2901 et
454 2840 601 2920 ,quidquid
615 2841 714 2900 debile
728 2841 807 2924 vul-gi

54 2927 207 3006 Venerat,
223 2933 255 2992 in
268 2934 400 3012 priscum
412 2933 570 3014 componit
582 2935 715 2995 motibus
727 2955 811 2995 usum
823 2979 832 3012 ,

54 3025 95 3088 fit
107 3037 245 3088 revocata
257 3027 317 3086 suis
329 3039 508 3108 attemperat
519 3047 628 3109 organa
641 3029 748 3090 nervis.

94 3119 248 3202 Dumque'
257 3121 379 3208 medens
392 3139 505 3204 aegrum
514 3121 759 3208 'refovetgvirtute
769 3119 942 3196 tumultum,

790 3211 807 3272 5
