2106 3846
6 332 118 405 .346.
208 345 692 421 nouoruroururmr.
828 342 890 403 πᾶ

6 443 65 502 ted
81 451 239 520 postquam
254 441 363 502 docens
375 441 517 525 princeps
530 443 664 506 animosa
678 455 808 514 catervas

7 532 133 615 mpnlit
144 535 309 596 accendens
318 535 612 620 vegetata-sororibus
622 557 722 614 arma,

6 628 177 689 barbaricae
189 629 322 690 cecidere
336 650 459 691 manus:
474 631 647 700 dissolritnr¹
656 632 756 713 oannis

6 722 137 784 dostilis
149 723 256 798 virtus,
271 736 368 803 etqua
381 746 412 786 se
424 725 538 785 semina
549 737 712 801 monstrat,

6 817 146 881 dolantes
160 821 230 879 dant
243 831 327 901 terga
337 819 412 894 viri„
426 819 630 898 latebramque
644 831 776 900 petentes

6 911 35 972 si
48 914 170 988 vivant,
183 913 287 986 risisse
301 925 415 994 putant.
427 911 515 974 'l'nue
526 913 670 989 maximus
683 914 765 994 ipse,

6 1005 124 1067 Forma
134 1007 280 1090 gigantaeae
291 1008 384 1089 junxit
397 1028 487 1087 quern
499 1007 746 1088 corpore-molis,

6 1099 251 1180 lrnmensamque
264 1100 365 1162 levans
376 1100 515 1182 produxit
525 1101 643 1163 verticis
654 1119 767 1175 arcem,
793 1094 805 1118 '

6 1193 75 1254 Rex
90 1192 188 1256 Sisara
198 1195 315 1278 lugam,
327 1194 458 1256 telorum
466 1195 544 1256 fasce
556 1195 685 1273 rejecto,

6 1287 203 1372 lncornitatus
214 1289 290 1372 agit,
305 1301 440 1374 metuens
453 1287 582 1350 sublime
596 1285 696 1346 notari
750 1293 757 1299 “
825 1288 831 1293 ’

6 1377 150 1463 Corpus,
162 1396 193 1443 et
207 1383 318 1445 excelsa
329 1381 485 1465 fugitivum
499 1379 630 1463 prodere
643 1397 749 1440 massa.

6 1473 67 1535 Sed
80 1487 244 1556 postquam
257 1473 375 1536 latuisse
389 1488 511 1557 potans,
524 1487 662 1557 tectoque
676 1485 831 1555 receptos,

6 1561 118 1627 dlollia
132 1581 281 1650 perpetuo
296 1569 408 1628 dimisit
419 1569 537 1629 lumina
546 1589 670 1644 somno,

8 1656 98 1722 llunc
112 1662 207 1722 etiam
220 1661 325 1722 sternit
337 1661 463 1738 mulier,
476 1675 612 1743 terraque
622 1665 731 1745 jacenti

12 1749 141 1814 Malleos
155 1754 248 1816 infixo
262 1755 419 1817 transfodit
431 1751 571 1837 tentpora
584 1757 679 1819 clavo.

12 1841 174 1908 Femineas
190 1847 233 1908 sie
248 1847 302 1907 itte
312 1837 367 1908 fuit
378 1867 434 1929 per
448 1860 552 1910 cuncta
564 1849 742 1930 triumphos.

10 1941 91 2001 Atto
102 1942 190 2024 virgo
206 1938 267 2000 Dei
279 1941 389 2002 sanetis
399 1961 488 2020 quarn
500 1944 635 2004 moribus
649 1955 756 2004 ornant
844 1940 848 1949 ¹

16 2033 95 2095 llinc
105 2035 225 2114 pudor,
238 2034 308 2094 inde
322 2033 410 2109 fides,
423 2035 548 2096 internis
557 2035 669 2104 ¹fortior
682 2035 775 2095 armis

14 2125 96 2187 Bella
105 2129 202 2211 geris,
215 2126 299 2208 justis
311 2147 402 2188 saevus
417 2149 483 2207 quae
497 2139 671 2188 commoret
682 2125 785 2188 hostis.
868 2139 869 2142 ’
889 2151 899 2166 ·

16 2218 88 2301 Spes
101 2222 156 2282 tibi
169 2221 231 2280 lida
241 2219 320 2280 foret
330 2219 400 2280 felix
412 2221 444 2280 in
458 2221 570 2283 vertice
584 2219 692 2298 cassis,

16 2311 178 2375 Contineat
194 2313 312 2373 lumbos
325 2313 450 2393 pretiosi
464 2333 538 2386 zona
550 2314 695 2394 pudoris,

18 2405 38 2465 J
42 2409 139 2470 ostitiae
150 2407 251 2469 lorica
264 2419 329 2468 tuos
342 2408 523 2491 constringat
536 2407 678 2484 amictus,

19 2497 76 2560 Pro
88 2504 190 2586 gladio
203 2501 329 2561 verbum
342 2522 463 2580 semper
475 2514 592 2564 tueatur
603 2514 733 2565 acutum.

19 2591 78 2654 llas
89 2594 209 2656 virtutis
224 2615 316 2676 opes,
330 2595 394 2654 haec
403 2595 446 2656 sie
458 2594 646 2656 solatia'belli
742 2659 745 2664 ,

19 2685 215 2763 Describens‚
232 2689 340 2748 mentis
352 2687 447 2750 varias
458 2711 526 2750 curn
540 2709 670 2771 corpore
684 2706 797 2770 pugnas

20 2775 158 2845 Prodenti
169 2783 324 2862 quondam
338 2782 445 2858 cecinit
457 2782 639 2846 Prudentius
652 2802 716 2856 ore.

19 2875 153 2959 Namque
171 2878 215 2939 ibi
228 2877 381 2951 bellatrix,
397 2887 426 2936 et
438 2877 529 2959 pleno
542 2876 654 2952 robore
667 2868 801 2957 pollens,

18 2969 181 3056 Virginitas
192 2985 306 3033 armata
318 2973 399 3034 venit
413 2990 522 3052 aquam
536 2970 613 3055 foeda
633 2969 728 3030 libido

19 3065 158 3147 Appetit,
174 3080 204 3128 et
216 3089 298 3130 casso
312 3082 397 3133 vocat
409 3068 441 3128 in
454 3063 618 3146 certamina
631 3063 707 3132 uisu,

22 3155 68 3222 Sic
76 3162 268 3230 bellatricem
282 3176 312 3226 te
324 3162 430 3225 sentiat
442 3158 565 3220 aemulus
577 3157 698 3243 anguis,
