2126 3848
164 237 225 311 284
430 248 791 304 nr-nosrunr

509 336 694 398 XLVIII.

164 436 242 516 Quae
255 433 340 495 Deus
352 431 545 512 omnipotens
559 432 726 511 promittit,
742 432 861 512 perficit
872 435 956 516 ipse,

200 527 270 589 Nec
283 527 442 609 proprium
455 526 581 584 externis
591 524 703 585 viribus
714 525 823 603 implet
836 546 931 608 opus,

161 622 246 684 Hinc
254 638 357 681 secura
367 618 439 678 fides
451 607 569 698 sperat,
585 619 665 695 quod
678 618 787 692 credit,
802 633 943 700 amatque

200 715 384 786 Auctorem,
398 712 449 790 qui
462 712 544 790 quod
555 712 702 790 spondet,
717 724 746 771 et
759 711 880 774 efficiet.

158 805 241 868 Nam
255 807 357 884 siquae
370 802 523 864 Dominus
536 803 702 885 promittit,
716 825 778 864 non
792 807 966 885 operatur,'

183 887 258 960 ¹Sed
268 899 366 958 solum
378 897 542 957 humanum
556 897 698 977 praevidet
710 896 893 975 arbitrium,

156 994 231 1057 Non
243 993 307 1053 haee
317 992 395 1051 dona
411 992 474 1070 ejus
484 1034 493 1064 ,
505 991 559 1050 sed
571 1001 639 1050 sunt
651 991 791 1070 praedIcta
803 995 963 1067 vocanda,

58 1123 60 1138 .
145 1111 148 1128 ν
199 1086 265 1147 Ceu
275 1087 430 1165 quisquam
439 1105 478 1167 ¹er
489 1086 616 1166 proprio
630 1085 667 1144 sit
678 1086 774 1146 bonus
785 1087 904 1166 absque
919 1089 1004 1160 Deo,

158 1181 252 1261 Quod
263 1179 332 1259 quia
344 1199 406 1238 non
418 1179 526 1258 recipit
540 1178 651 1258 pietas,
665 1179 794 1257 veroque
810 1195 980 1264 repugnat,

196 1273 302 1334 Gratia
312 1293 368 1332 nos
380 1282 515 1351 reparet,
532 1271 624 1352 gratia
634 1271 779 1350 justificet.

156 1368 234 1448 Quae
243 1368 287 1427 sic
298 1367 329 1425 in
343 1365 455 1428 cunctis
465 1363 572 1443 Implet
583 1384 635 1424 sua
648 1366 727 1424 dona
739 1367 873 1443 vocatis,

193 1458 239 1518 Ut
252 1479 380 1538 quorum
393 1459 449 1518 dux
463 1469 521 1531 est,
535 1457 585 1516 fiat
599 1470 629 1518 et
641 1457 705 1538 ipsa
721 1478 834 1522 comes.

526 1541 661 1610 xle.

150 1647 196 1707 Ut
209 1645 343 1723 quaedam
357 1656 461 1704 tenues
475 1642 597 1703 maculae
609 1642 641 1701 in
653 1642 814 1724 splendore
828 1646 974 1726 piorum,

194 1737 297 1820 Major
308 1739 469 1808 virtutum,
485 1755 556 1814 quas
570 1749 672 1797 vacuat
685 1757 846 1814 numerus,
1051 1749 1052 1825 ἦ

151 1829 293 1892 AEternae
304 1829 391 1890 donis
402 1842 555 1910 nequeunt
568 1829 711 1890 obsistere
722 1831 811 1904 vitae,
1051 1837 1052 1879 l

191 1925 260 1986 Nec
271 1923 380 1985 merita
391 1921 531 1982 obscurat
544 1922 649 2004 gaudia
664 1922 751 2004 culpa
762 1923 852 2001 levis,

150 2019 202 2081 Sic
213 2017 325 2096 aliquid
336 2016 514 2097 plerumque
527 2015 601 2075 boni
615 2036 684 2095 pars
693 2016 788 2098 impia
797 2030 914 2100 gestat,

189 2110 294 2192 Magni
307 2108 389 2167 mole
400 2107 472 2167 mali
485 2109 563 2186 quod
576 2106 662 2168 saeile
676 2109 821 2170 obruitur.

147 2204 179 2266 N
182 2225 217 2264 ec
228 2203 348 2283 prodest
361 2200 503 2279 quiddam
514 2201 587 2260 recti
598 2202 729 2282 sapuisse
739 2203 899 2286 malignis,

188 2293 222 2353 Si
236 2313 339 2354 verum
350 2305 377 2350 et
391 2304 524 2353 sanctum
534 2312 596 2353 non
607 2293 727 2355 coluere
738 2295 852 2356 Deum.

107 2432 109 2442 ,
146 2386 219 2446 Una
231 2385 308 2460 fides¹
317 2383 419 2472 igitur,
434 2405 502 2464 spes
516 2407 574 2446 una
586 2400 643 2463 est,
655 2400 743 2468 atque
753 2411 843 2451 amor
852 2414 951 2472 unus,

165 2479 171 2492 '
189 2477 262 2556 Quo
275 2475 325 2533 fiat
335 2475 444 2554 justus,
459 2477 554 2554 sitque
568 2480 671 2541 beatus
682 2481 794 2556 homo,

146 2571 230 2633 Nam
242 2567 323 2630 bona
336 2586 401 2645 quae
412 2569 512 2646 pravis
523 2586 634 2634 naturae
648 2594 681 2634 ex
693 2575 762 2636 dote
776 2593 959 2658 supersunt,

170 2660 427 2746 ,Augentpeceati
439 2661 593 2742 pondera,
609 2686 668 2726 non
683 2667 831 2731 minuunt.

565 2755 592 2816 L

144 2851 226 2914 Cum
237 2850 323 2908 datur
336 2848 454 2930 injusto
465 2804 610 2929 peccandi
625 2866 725 2934 optata
735 2869 889 2937 potestas,

183 2942 231 3002 Ut
240 2940 319 3000 mala
332 2959 417 3001 mens
430 2962 537 3022 prave,
554 2946 634 3022 quod
646 2949 744 3026 eupit,
759 2949 891 3026 efficiat,

140 3037 189 3098 Ira
202 3034 262 3097 Dei
275 3047 381 3115 magna
394 3048 453 3112 est,
467 3055 524 3115 qua
534 3037 644 3100 multos
655 3039 698 3102 sic
711 3062 830 3122 quoque
845 3047 954 3132 punit,
1049 3051 1050 3068 ¹
