2198 3844
163 311 201 373 7⁰
400 291 550 346 CAELII
580 290 788 346 SEDULH
927 295 1078 382 v.287.,

159 395 295 456 Vulnere
306 415 473 476 purpureus
484 414 591 470 cruor,
606 407 635 456 et
645 395 735 456 simul
747 397 826 456 unda
839 400 989 464 cucurrit.

161 487 238 550 Haec
250 501 317 550 sunt
328 489 441 570 quippe
451 509 541 552 sacrae
552 509 609 570 pro
622 487 789 572 relligionis
799 490 933 567 honore,

157 579 301 664 Corpus,
312 583 445 665 sanguis,
459 603 551 661 aqua,
566 583 623 644 tria
635 582 701 644 ritae
716 603 841 644 munera
853 597 980 649 nostrae.

158 669 256 736 Fonte
269 689 470 750 renascentes,
484 675 647 749 membris,
660 688 691 736 et
701 677 842 758 sanguine
858 675 978 741 Christi

159 768 339 844 vescimur,
353 782 440 848 atque
454 769 522 830 ideo
535 768 685 849 templum
698 769 814 830 deitatis
826 769 999 836 habemur:

155 861 255 941 Quod
267 882 384 926 servare
395 861 479 924 Deus
490 883 545 924 nos
557 875 667 923 annuat
679 861 922 940 immaculatum,
967 925 971 938 ,

158 953 201 1016 Et
213 956 300 1019 saciat
313 970 414 1018 tenues
426 969 509 1018 tanto
523 975 662 1016 mansore
676 975 809 1036 capaces.

200 1048 282 1132 Ergo
295 1050 346 1112 ubi
361 1049 489 1130 depositi
503 1049 673 1114 thesaurum
687 1048 825 1128 corporis
836 1049 980 1132 amplum

158 1140 282 1204 Nobilis
293 1143 408 1223 accepit
421 1140 558 1203 Domino
571 1141 654 1203 locus
668 1141 718 1204 ille
728 1143 864 1223 jacente,

100 1263 104 1272 ·
158 1235 304 1298 Nobilior
316 1248 454 1319 surgente
466 1247 569 1308 umen
577 1277 587 1312 ‚
601 1234 753 1318 generatio
766 1234 854 1302 lallax

156 1331 293 1413 Augebat
304 1330 359 1390 sub
371 1330 461 1390 corde
474 1329 575 1404 nesas,
589 1329 772 1408 quodnocte
784 1327 886 1390 silenti
902 1349 907 1360 “

156 1422 309 1503 Discipuli
322 1419 474 1484 Christum
488 1435 648 1503 raperent,
663 1435 693 1482 et
705 1421 801 1482 abisse
814 1421 991 1502 referrent,

157 1516 220 1578 Ter
233 1517 373 1578 redeunte
386 1514 451 1590 die,
464 1515 539 1578 sicut
551 1515 726 1597 praedixerat
738 1516 812 1596 ipse.

159 1608 232 1690 Quo
243 1608 412 1678 stimulante
424 1621 526 1682 metu,
541 1608 664 1691 vigilum
678 1608 847 1671 munimina
860 1623 998 1690 poscunt
1082 1650 1083 1680 r

158 1704 250 1764 Plura
263 1703 346 1776 dari,
358 1701 604 1784 saevaquelocum
617 1702 776 1764 obsidione
790 1705 898 1765 teneri.

200 1796 236 1858 Si
248 1795 382 1858 nondum
394 1808 462 1877 post
473 1794 572 1858 vincla
584 1795 701 1872 crucis,
715 1807 784 1876 post
796 1794 922 1866 vulnera
931 1795 1034 1878 lcrri,¹

159 1890 232 1952 Post
244 1889 360 1952 obitum
373 1889 495 1964 mortis,
510 1909 670 1952 numerosa
682 1889 762 1954 coede
775 1901 953 1967 cruentum,
1083 1912 1084 1960 l

149 1983 343 2058 Caruilium,
358 1981 504 2063 implestis
516 2002 613 2064 opus,
627 2003 685 2044 uec
697 1983 820 2046 creditis
828 1983 933 2061 illurn,

159 2077 224 2158 Qui
236 2078 324 2140 toties
334 2075 403 2138 imis
415 2075 530 2140 animas
540 2076 680 2158 produxit
690 2076 729 2136 ab
742 2077 878 2152 umbris,

159 2171 253 2234 Posse
266 2191 350 2236 suam
365 2190 505 2234 revocare
519 2161 613 2253 magis
622 2188 639 2245 ,'
648 2169 803 2252 pejoribus
815 2181 903 2250 aptos

160 2264 305 2328 Consiliis
316 2276 429 2324 armate
440 2263 542 2339 dolos,
556 2263 668 2346 signate
680 2262 871 2344 sepulcrum,

160 2357 271 2419 Ponite
282 2357 434 2433 custodes,
448 2368 646 2418 monumento
658 2354 927 2418 advolvitesaxum.

159 2451 241 2530 Quis
252 2449 363 2532 poterit
375 2470 492 2512 servare
505 2449 629 2525 Deum,
642 2449 691 2512 cui
704 2448 825 2524 cardine
838 2469 942 2510 rerum

162 2536 280 2608 Cuncta
293 2545 413 2625 patent?
426 2543 513 2606 undis
520 2541 632 2604 habitat
644 2584 655 2618 ,
668 2554 845 2625 pertertare
857 2553 960 2627 regnat
974 2560 988 2621 ,‘

160 2637 201 2697 Et
215 2638 282 2703 coeli
295 2638 335 2702 de
344 2638 423 2700 nube
432 2649 526 2710 tonat.
542 2634 646 2714 Quid,
659 2656 736 2698 saeve
747 2635 914 2714 tumultus,

159 2729 302 2794 Excubiis
310 2732 448 2813 deperdis
462 2729 640 2811 opuslquid
650 2729 756 2790 niteris
767 2729 852 2792 illam

159 2823 327 2906 Explorare
340 2826 448 2898 fidem,
463 2824 510 2886 cui
522 2844 585 2886 non
597 2824 640 2886 vis
652 2822 788 2886 credulus
801 2842 864 2884 esse
876 2823 890 2884 ἓ

203 2916 345 3000 Coeperat
355 2917 469 2981 interea
477 2929 545 2998 post
553 2917 648 2978 tristia
660 2916 781 2978 sabbata
794 2914 863 2996 felix

159 3011 308 3078 irradiare
321 3012 402 3087 dies,
416 3009 537 3076 culmen
550 3014 602 3092 qui
613 3011 748 3077 nominis
760 3009 812 3074 alti

158 3105 337 3176 ADomine
348 3104 524 3170 dominante
538 3105 638 3184 trabit,
652 3102 945 3188 primusqucriderc
