2126 3848
6 331 134 396 mss.
247 345 692 404 nrsronrrunrm¹
851 331 912 398 363

6 437 224 502 circumcide
233 435 347 513 libens,
358 439 508 504 et-soedera
521 453 607 503 necte
616 463 754 523 superna.

6 532 181 595 Secretam
193 543 359 594 scrutemur
372 553 485 615 opem,
500 535 653 596 videamus
664 537 695 596 in
710 537 767 597 isto

6 626 157 690 ¹Vulnere
167 638 255 707 pacta
264 623 347 703 Dei,
361 641 619 707 quae'testamenta
631 630 768 690 recondit

6 721 186 796 Praescius,
200 732 233 780 ut
243 720 329 780 terris
339 722 490 782 consortia
503 724 604 805 jungat
614 721 753 806 olympi,

17 815 113 894 Quae
126 812 232 875 didicit
240 814 338 894 jurare
351 834 447 894 puer,
462 815 513 894 qui
525 816 642 896 primus
654 816 692 875 ad
704 816 814 876 undam

6 907 175 988 Repperit
190 905 322 968 ecclcsiae
334 923 505 970 currentem
517 909 601 970 fonte
615 909 798 972 Rebeccam.

6 999 175 1080 Corporis
185 998 237 1058 ille
249 998 352 1074 locus,
366 1021 427 1079 quo
446 1001 671 1064 circumciditur
685 1002 799 1064 Abram

8 1090 189 1154 Luxuriam
203 1089 326 1152 lascivus
338 1092 446 1166 habet,
458 1095 586 1173 ,vitiique
598 1097 737 1156 minister

10 1187 151 1247 Naturae
164 1185 220 1246 sub
231 1183 295 1266 lege
313 1184 388 1265 jacet
398 1229 407 1261 ‚
419 1199 505 1266 pater
515 1186 580 1267 ipse
591 1187 707 1248 futurus

18 1279 160 1342 Seminis
172 1277 252 1338 uude
263 1276 346 1341 salus
353 1280 391 1339 ad
401 1279 493 1340 vitam
505 1279 632 1359 pullulat
645 1280 744 1352 orbis,

17 1373 163 1437 Evacuat
180 1415 190 1448 ,
206 1372 288 1452 quod
300 1372 388 1454 culpa
400 1361 518 1456 marat:
537 1381 670 1434 truncata
682 1373 778 1434 libido

16 1468 206 1552 virgineum
218 1466 368 1547 promittit
381 1487 476 1548 opus,
496 1466 560 1528 haec
571 1486 702 1546 namque
716 1486 851 1550 propago

15 1562 172 1624 Divinum
185 1561 325 1642 concepit
336 1558 414 1636 iter,
428 1560 499 1622 hinc
511 1579 594 1621 sacra
609 1559 709 1621 lllaria
727 1571 771 1621 est

18 1657 65 1716 sld
80 1667 205 1737 partum
219 1667 358 1736 generata
372 1673 484 1713 norum
496 1696 505 1726 ‚
518 1674 584 1732 quae
597 1654 730 1737 conjugis
743 1673 847 1733 expers

19 1749 126 1809 Mater
140 1749 220 1808 inest
231 1749 242 1820 ‚‘
253 1745 469 1823 natusque'Dei
484 1745 521 1802 de
535 1741 658 1826 virginis
669 1746 736 1805 alvo

17 1842 162 1914 Emicat,
177 1851 265 1918 atque
277 1837 433 1897 bominem
444 1837 629 1896 mediatorin
638 1837 740 1897 omnia
753 1833 903 1916 complet:

14 1935 106 1996 Hinc
119 1947 240 1994 terrena
252 1929 369 2004 levans,
381 1927 466 1990 illinc
479 1917 608 1990 coelestia
622 1927 774 2009 praestans.
793 1981 796 1986 .

19 2026 163 2088 Praeterit
176 2043 247 2107 ergo
258 2035 341 2083 vetus
354 2020 475 2084 Christo
488 2033 626 2083 nascente
636 2021 749 2104 figura3
807 2101 814 2107 .

21 2120 97 2184 llaec
111 2118 205 2182 facies
217 2120 263 2200 jus
276 2133 368 2177 omne
377 2127 467 2177 novat
477 2145 492 2192 ,⁴
502 2114 658 2194 cultroque
670 2115 770 2198 fugato

19 2209 155 2296 Spiritus
169 2212 327 2272 ardescens
339 2229 392 2272 cor
403 2209 591 2272 circumcidit
604 2208 635 2270 in
651 2209 757 2284 undis,

18 2305 82 2386 Qui
96 2318 243 2369 sanantur
251 2304 357 2384 aquis,
374 2324 412 2364 ne
423 2302 647 2386 figantuulnera
661 2303 816 2366 membris.

57 2400 194 2462 Nescius
207 2398 413 2459 intereacuris
427 2396 524 2459 laxare
536 2399 668 2478 quietem
782 2459 784 2466 ,

21 2490 130 2556 Paulus
140 2495 177 2554 in
191 2493 264 2556 orbe
277 2494 381 2567 docet,
394 2489 539 2570 verbique
552 2489 702 2574 ligonibus
712 2515 817 2555 omncs
843 2553 847 2558 .

22 2585 160 2663 Extulit,
181 2600 209 2647 et
223 2585 291 2646 fidei
309 2585 389 2668 cogit
398 2581 557 2648 flavescere
569 2607 697 2648 messem
711 2632 722 2664 ‚

20 2678 173 2745 Errorum
186 2680 316 2764 fugiente
324 2679 391 2762 gelu
402 2722 411 2754 ‚
427 2699 516 2759 quem
528 2681 758 2762 spiritus'almus

22 2771 94 2838 llaec
107 2774 193 2838 Asiae
205 2773 428 2856 prolerrevetat
440 2795 448 2845 3
462 2794 518 2836 nec
532 2771 631 2834 Mesia
640 2774 733 2853 quivit
845 2776 849 2784 '

21 2863 112 2931 Dives
122 2869 205 2953 agris
218 2869 303 2950 hujus
314 2881 384 2930 tunc
395 2868 511 2928 semina
522 2865 602 2926 ferre
615 2867 717 2928 salutis

22 2957 170 3025 Fecundo
182 2963 283 3044 jejuna
295 2960 377 3024 solo:
393 2961 439 3022 vir
452 2960 566 3042 quippe
579 2957 711 3025 Macedo

22 3049 53 3111 ln
62 3057 183 3118 somnis
194 3056 257 3118 baec
267 3056 345 3119 visus
354 3056 396 3116 ait
407 3099 416 3131 ‚
429 3055 573 3116 miserere
586 3075 745 3136 precamur

23 3143 163 3232 lllyricos
174 3149 295 3236 dignare
307 3149 388 3214 sinus
401 3171 409 3224 ;
426 3147 552 3232 ogratia
563 3161 710 3230 quantum
