<?xml version="1.0" encoding="UTF-8"?>
<!DOCTYPE html PUBLIC "-//W3C//DTD XHTML 1.0 Transitional//EN"
    "http://www.w3.org/TR/xhtml1/DTD/xhtml1-transitional.dtd">
<html xmlns="http://www.w3.org/1999/xhtml" xml:lang="en" lang="en">
 <head>
  <title>
</title>
<meta http-equiv="Content-Type" content="text/html;charset=utf-8" />
  <meta name='ocr-system' content='tesseract 3.04.00' />
  <meta name='ocr-capabilities' content='ocr_page ocr_carea ocr_par ocr_line ocrx_word'/>
</head>
<body>
  <div class='ocr_page' id='page_1' title='image "./caiicaeliisedul00sedugoog_0216.png"; bbox 0 0 2106 3846; ppageno 0'>
   <div class='ocr_carea' id='block_1_1' title="bbox 25 330 1027 440">
    <p class='ocr_par' dir='ltr' id='par_1_1' title="bbox 25 330 1027 440">
     <span class='ocr_line' id='line_1_1' title="bbox 25 330 1027 440; baseline -0.002 -26"><span class='ocrx_word' id='word_1_1' title='bbox 25 353 97 415; x_wconf 63' lang='lat' dir='ltr'>att.</span> <span class='ocrx_word' id='word_1_2' title='bbox 183 330 665 418; x_wconf 50' lang='lat' dir='ltr'>ro-untnru&#39;ntnruwl.</span> <span class='ocrx_word' id='word_1_3' title='bbox 804 371 924 440; x_wconf 72' lang='lat'><em>209.</em></span> <span class='ocrx_word' id='word_1_4' title='bbox 1026 427 1027 434; x_wconf 7' lang='grc' dir='ltr'>ἵ</span> 
     </span>
    </p>
   </div>
   <div class='ocr_carea' id='block_1_2' title="bbox 25 451 859 3222">
    <p class='ocr_par' dir='ltr' id='par_1_2' title="bbox 25 451 635 538">
     <span class='ocr_line' id='line_1_2' title="bbox 25 451 635 538; baseline 0.005 -20"><span class='ocrx_word' id='word_1_5' title='bbox 25 459 125 521; x_wconf 75' lang='lat' dir='ltr'>iccisam</span> <span class='ocrx_word' id='word_1_6' title='bbox 136 459 254 538; x_wconf 88' lang='lat' dir='ltr'>pariens</span> <span class='ocrx_word' id='word_1_7' title='bbox 265 451 403 518; x_wconf 83' lang='lat' dir='ltr'><strong>sobolem</strong></span> <span class='ocrx_word' id='word_1_8' title='bbox 414 458 530 520; x_wconf 85' lang='lat' dir='ltr'>virente</span> <span class='ocrx_word' id='word_1_9' title='bbox 542 469 635 521; x_wconf 87' lang='lat' dir='ltr'>reatu.</span> 
     </span>
    </p>

    <p class='ocr_par' dir='ltr' id='par_1_3' title="bbox 25 549 734 722">
     <span class='ocr_line' id='line_1_3' title="bbox 25 549 734 632; baseline 0.006 -21"><span class='ocrx_word' id='word_1_10' title='bbox 25 553 69 632; x_wconf 60' lang='lat' dir='ltr'>tuae</span> <span class='ocrx_word' id='word_1_11' title='bbox 78 552 201 632; x_wconf 86' lang='lat' dir='ltr'>subjecta</span> <span class='ocrx_word' id='word_1_12' title='bbox 213 549 295 625; x_wconf 84' lang='lat' dir='ltr'>viro,</span> <span class='ocrx_word' id='word_1_13' title='bbox 309 551 465 611; x_wconf 89' lang='lat' dir='ltr'>dominum</span> <span class='ocrx_word' id='word_1_14' title='bbox 475 572 597 632; x_wconf 86' lang='lat' dir='ltr'>passura</span> <span class='ocrx_word' id='word_1_15' title='bbox 610 553 734 629; x_wconf 87' lang='lat' dir='ltr'>cubilis,</span> 
     </span>
     <span class='ocr_line' id='line_1_4' title="bbox 25 641 671 722; baseline 0.005 -19"><span class='ocrx_word' id='word_1_16' title='bbox 25 643 123 703; x_wconf 85' lang='lat' dir='ltr'>ervitin</span> <span class='ocrx_word' id='word_1_17' title='bbox 137 642 267 704; x_wconf 88' lang='lat' dir='ltr'>obsceno</span> <span class='ocrx_word' id='word_1_18' title='bbox 277 641 407 703; x_wconf 87' lang='lat' dir='ltr'>tolerans</span> <span class='ocrx_word' id='word_1_19' title='bbox 421 646 571 722; x_wconf 83' lang='lat' dir='ltr'>connubia</span> <span class='ocrx_word' id='word_1_20' title='bbox 583 646 671 708; x_wconf 89' lang='lat' dir='ltr'>lecto.</span> 
     </span>
    </p>

    <p class='ocr_par' dir='ltr' id='par_1_4' title="bbox 25 725 689 818">
     <span class='ocr_line' id='line_1_5' title="bbox 25 725 689 818; baseline 0.015 -28"><span class='ocrx_word' id='word_1_21' title='bbox 25 735 50 796; x_wconf 77' lang='lat' dir='ltr'>tic</span> <span class='ocrx_word' id='word_1_22' title='bbox 59 737 160 818; x_wconf 82' lang='lat' dir='ltr'>captiva</span> <span class='ocrx_word' id='word_1_23' title='bbox 170 737 249 810; x_wconf 88' lang='lat' dir='ltr'>tori,</span> <span class='ocrx_word' id='word_1_24' title='bbox 263 757 331 796; x_wconf 88' lang='lat' dir='ltr'>curn</span> <span class='ocrx_word' id='word_1_25' title='bbox 342 749 443 817; x_wconf 91' lang='lat' dir='ltr'>portet</span> <span class='ocrx_word' id='word_1_26' title='bbox 453 725 565 797; x_wconf 83' lang='lat' dir='ltr'>nomen</span> <span class='ocrx_word' id='word_1_27' title='bbox 579 740 689 816; x_wconf 85' lang='lat' dir='ltr'>inane,</span> 
     </span>
    </p>

    <p class='ocr_par' dir='ltr' id='par_1_5' title="bbox 25 825 672 912">
     <span class='ocr_line' id='line_1_6' title="bbox 25 825 672 912; baseline 0.006 -26"><span class='ocrx_word' id='word_1_28' title='bbox 25 825 126 910; x_wconf 78' lang='lat' dir='ltr'>ionjugis</span> <span class='ocrx_word' id='word_1_29' title='bbox 137 841 165 888; x_wconf 88' lang='lat' dir='ltr'>et</span> <span class='ocrx_word' id='word_1_30' title='bbox 176 847 252 889; x_wconf 85' lang='lat' dir='ltr'>rana</span> <span class='ocrx_word' id='word_1_31' title='bbox 265 829 378 890; x_wconf 89' lang='lat' dir='ltr'>dicatur</span> <span class='ocrx_word' id='word_1_32' title='bbox 389 829 519 912; x_wconf 76' lang='lat' dir='ltr'>imagine</span> <span class='ocrx_word' id='word_1_33' title='bbox 532 851 672 906; x_wconf 80' lang='lat' dir='ltr'>consors,</span> 
     </span>
    </p>

    <p class='ocr_par' dir='ltr' id='par_1_6' title="bbox 25 916 746 1003">
     <span class='ocr_line' id='line_1_7' title="bbox 25 916 746 1003; baseline 0.015 -28"><span class='ocrx_word' id='word_1_34' title='bbox 25 916 131 1003; x_wconf 78' lang='lat' dir='ltr'>iolajogo</span> <span class='ocrx_word' id='word_1_35' title='bbox 141 921 291 1001; x_wconf 89' lang='lat' dir='ltr'>premitur</span> <span class='ocrx_word' id='word_1_36' title='bbox 301 941 364 980; x_wconf 91' lang='lat' dir='ltr'>non</span> <span class='ocrx_word' id='word_1_37' title='bbox 375 943 490 1001; x_wconf 83' lang='lat' dir='ltr'>aequam</span> <span class='ocrx_word' id='word_1_38' title='bbox 504 925 611 984; x_wconf 89' lang='lat' dir='ltr'>ducere</span> <span class='ocrx_word' id='word_1_39' title='bbox 625 937 746 986; x_wconf 83' lang='lat' dir='ltr'><strong>sortem.</strong></span> 
     </span>
    </p>

    <p class='ocr_par' dir='ltr' id='par_1_7' title="bbox 25 1009 728 1188">
     <span class='ocr_line' id='line_1_8' title="bbox 25 1009 728 1099; baseline 0.01 -29"><span class='ocrx_word' id='word_1_40' title='bbox 25 1009 44 1070; x_wconf 79' lang='lat' dir='ltr'>it</span> <span class='ocrx_word' id='word_1_41' title='bbox 53 1033 106 1072; x_wconf 85' lang='lat' dir='ltr'>cum</span> <span class='ocrx_word' id='word_1_42' title='bbox 116 1013 199 1096; x_wconf 85' lang='lat' dir='ltr'>ionga</span> <span class='ocrx_word' id='word_1_43' title='bbox 212 1014 320 1084; x_wconf 86' lang='lat' dir='ltr'>decem</span> <span class='ocrx_word' id='word_1_44' title='bbox 333 1014 454 1074; x_wconf 89' lang='lat' dir='ltr'>tulerint</span> <span class='ocrx_word' id='word_1_45' title='bbox 465 1014 580 1099; x_wconf 84' lang='lat' dir='ltr'>fastidia</span> <span class='ocrx_word' id='word_1_46' title='bbox 591 1037 728 1093; x_wconf 86' lang='lat' dir='ltr'>menses,</span> 
     </span>
     <span class='ocr_line' id='line_1_9' title="bbox 25 1099 659 1188; baseline 0.011 -27"><span class='ocrx_word' id='word_1_47' title='bbox 25 1099 174 1186; x_wconf 53' lang='lat' dir='ltr'>&#39;ersectoque</span> <span class='ocrx_word' id='word_1_48' title='bbox 184 1107 283 1188; x_wconf 83' lang='lat' dir='ltr'>gravis</span> <span class='ocrx_word' id='word_1_49' title='bbox 294 1104 357 1166; x_wconf 85' lang='lat' dir='ltr'>fetu</span> <span class='ocrx_word' id='word_1_50' title='bbox 369 1107 546 1169; x_wconf 76' lang='lat' dir='ltr'><strong>distenditur</strong></span> <span class='ocrx_word' id='word_1_51' title='bbox 559 1108 659 1183; x_wconf 82' lang='lat' dir='ltr'>alvus,</span> 
     </span>
    </p>

    <p class='ocr_par' dir='ltr' id='par_1_8' title="bbox 25 1191 749 1372">
     <span class='ocr_line' id='line_1_10' title="bbox 25 1191 749 1279; baseline 0.007 -26"><span class='ocrx_word' id='word_1_52' title='bbox 25 1191 109 1256; x_wconf 75' lang='lat' dir='ltr'>irmina</span> <span class='ocrx_word' id='word_1_53' title='bbox 117 1221 177 1279; x_wconf 81' lang='lat' dir='ltr'>quae</span> <span class='ocrx_word' id='word_1_54' title='bbox 186 1197 283 1278; x_wconf 85' lang='lat' dir='ltr'>patris</span> <span class='ocrx_word' id='word_1_55' title='bbox 295 1197 428 1274; x_wconf 81' lang='lat' dir='ltr'>fuerant,</span> <span class='ocrx_word' id='word_1_56' title='bbox 439 1199 502 1261; x_wconf 83' lang='lat' dir='ltr'>heec</span> <span class='ocrx_word' id='word_1_57' title='bbox 513 1203 648 1278; x_wconf 89' lang='lat' dir='ltr'>pondera</span> <span class='ocrx_word' id='word_1_58' title='bbox 660 1199 749 1260; x_wconf 84' lang='lat' dir='ltr'>matri</span> 
     </span>
     <span class='ocr_line' id='line_1_11' title="bbox 25 1286 604 1372; baseline 0.01 -27"><span class='ocrx_word' id='word_1_59' title='bbox 25 1286 121 1370; x_wconf 82' lang='lat' dir='ltr'>ndigunt</span> <span class='ocrx_word' id='word_1_60' title='bbox 131 1292 222 1350; x_wconf 89' lang='lat' dir='ltr'>duros</span> <span class='ocrx_word' id='word_1_61' title='bbox 232 1301 318 1348; x_wconf 89' lang='lat' dir='ltr'>utero</span> <span class='ocrx_word' id='word_1_62' title='bbox 330 1301 464 1372; x_wconf 81' lang='lat' dir='ltr'>turgente</span> <span class='ocrx_word' id='word_1_63' title='bbox 475 1290 604 1351; x_wconf 90' lang='lat' dir='ltr'>dolores.</span> 
     </span>
    </p>

    <p class='ocr_par' dir='ltr' id='par_1_9' title="bbox 25 1379 675 1464">
     <span class='ocr_line' id='line_1_12' title="bbox 25 1379 675 1464; baseline 0.008 -25"><span class='ocrx_word' id='word_1_64' title='bbox 25 1379 74 1440; x_wconf 72' lang='lat' dir='ltr'>tam</span> <span class='ocrx_word' id='word_1_65' title='bbox 85 1404 142 1443; x_wconf 89' lang='lat' dir='ltr'>cum</span> <span class='ocrx_word' id='word_1_66' title='bbox 151 1383 265 1444; x_wconf 85' lang='lat' dir='ltr'>luctato</span> <span class='ocrx_word' id='word_1_67' title='bbox 277 1381 432 1444; x_wconf 83' lang='lat' dir='ltr'>solvuntur</span> <span class='ocrx_word' id='word_1_68' title='bbox 443 1383 557 1444; x_wconf 87' lang='lat' dir='ltr'>viscera</span> <span class='ocrx_word' id='word_1_69' title='bbox 567 1396 654 1464; x_wconf 88' lang='lat' dir='ltr'>partu</span> <span class='ocrx_word' id='word_1_70' title='bbox 666 1428 675 1459; x_wconf 88' lang='lat'>,</span> 
     </span>
    </p>

    <p class='ocr_par' dir='ltr' id='par_1_10' title="bbox 25 1471 673 1556">
     <span class='ocr_line' id='line_1_13' title="bbox 25 1471 673 1556; baseline 0.009 -26"><span class='ocrx_word' id='word_1_71' title='bbox 25 1471 64 1532; x_wconf 84' lang='lat' dir='ltr'>Jna</span> <span class='ocrx_word' id='word_1_72' title='bbox 75 1475 135 1551; x_wconf 86' lang='lat' dir='ltr'>luit,</span> <span class='ocrx_word' id='word_1_73' title='bbox 147 1489 233 1536; x_wconf 90' lang='lat' dir='ltr'>tanto</span> <span class='ocrx_word' id='word_1_74' title='bbox 244 1475 341 1536; x_wconf 87' lang='lat' dir='ltr'>oarnis</span> <span class='ocrx_word' id='word_1_75' title='bbox 352 1475 524 1536; x_wconf 85' lang='lat' dir='ltr'>discrimine</span> <span class='ocrx_word' id='word_1_76' title='bbox 538 1477 673 1556; x_wconf 90' lang='lat' dir='ltr'>pendens</span> 
     </span>
    </p>

    <p class='ocr_par' dir='ltr' id='par_1_11' title="bbox 25 1561 798 1739">
     <span class='ocr_line' id='line_1_14' title="bbox 25 1561 798 1648; baseline 0.005 -24"><span class='ocrx_word' id='word_1_77' title='bbox 25 1561 82 1642; x_wconf 56' lang='lat' dir='ltr'>Quod</span> <span class='ocrx_word' id='word_1_78' title='bbox 92 1568 181 1629; x_wconf 82' lang='lat' dir='ltr'>coiere</span> <span class='ocrx_word' id='word_1_79' title='bbox 194 1569 273 1628; x_wconf 76' lang='lat' dir='ltr'>door</span> <span class='ocrx_word' id='word_1_80' title='bbox 287 1587 355 1646; x_wconf 86' lang='lat' dir='ltr'>spes</span> <span class='ocrx_word' id='word_1_81' title='bbox 365 1566 466 1648; x_wconf 86' lang='lat' dir='ltr'>palpat</span> <span class='ocrx_word' id='word_1_82' title='bbox 478 1569 554 1628; x_wconf 81' lang='lat' dir='ltr'>forte</span> <span class='ocrx_word' id='word_1_83' title='bbox 568 1567 733 1642; x_wconf 76' lang='lat' dir='ltr'>dolentem,</span> <span class='ocrx_word' id='word_1_84' title='bbox 795 1600 798 1612; x_wconf 93' lang='lat'>·</span> 
     </span>
     <span class='ocr_line' id='line_1_15' title="bbox 25 1655 575 1739; baseline 0.004 -23"><span class='ocrx_word' id='word_1_85' title='bbox 25 1655 91 1718; x_wconf 78' lang='lat' dir='ltr'>iditus</span> <span class='ocrx_word' id='word_1_86' title='bbox 101 1661 129 1720; x_wconf 92' lang='lat' dir='ltr'>in</span> <span class='ocrx_word' id='word_1_87' title='bbox 141 1662 242 1724; x_wconf 88' lang='lat' dir='ltr'>lucem</span> <span class='ocrx_word' id='word_1_88' title='bbox 253 1659 278 1720; x_wconf 91' lang='lat' dir='ltr'>si</span> <span class='ocrx_word' id='word_1_89' title='bbox 291 1659 369 1719; x_wconf 86' lang='lat' dir='ltr'>vivat</span> <span class='ocrx_word' id='word_1_90' title='bbox 381 1657 458 1718; x_wconf 90' lang='lat' dir='ltr'>filius</span> <span class='ocrx_word' id='word_1_91' title='bbox 471 1683 478 1718; x_wconf 79' lang='grc' dir='ltr'><strong><em>ε</em></strong></span> <span class='ocrx_word' id='word_1_92' title='bbox 492 1660 575 1739; x_wconf 86' lang='lat' dir='ltr'>atqui</span> 
     </span>
    </p>

    <p class='ocr_par' dir='ltr' id='par_1_12' title="bbox 25 1745 859 2110">
     <span class='ocr_line' id='line_1_16' title="bbox 25 1745 754 1836; baseline 0.005 -26"><span class='ocrx_word' id='word_1_93' title='bbox 25 1745 134 1836; x_wconf 72' lang='lat' dir='ltr'>iontingit</span> <span class='ocrx_word' id='word_1_94' title='bbox 143 1755 323 1835; x_wconf 87' lang='lat' dir='ltr'>plerumque</span> <span class='ocrx_word' id='word_1_95' title='bbox 334 1771 455 1832; x_wconf 85' lang='lat' dir='ltr'>gemens</span> <span class='ocrx_word' id='word_1_96' title='bbox 467 1766 499 1813; x_wconf 89' lang='lat' dir='ltr'>ut</span> <span class='ocrx_word' id='word_1_97' title='bbox 511 1765 629 1812; x_wconf 88' lang='lat' dir='ltr'>mortua</span> <span class='ocrx_word' id='word_1_98' title='bbox 641 1753 754 1814; x_wconf 85' lang='lat' dir='ltr'>fundat.</span> 
     </span>
     <span class='ocr_line' id='line_1_17' title="bbox 25 1835 708 1927; baseline 0.006 -27"><span class='ocrx_word' id='word_1_99' title='bbox 25 1835 77 1921; x_wconf 80' lang='lat' dir='ltr'>iepe</span> <span class='ocrx_word' id='word_1_100' title='bbox 86 1846 165 1906; x_wconf 90' lang='lat' dir='ltr'>etiam</span> <span class='ocrx_word' id='word_1_101' title='bbox 177 1844 280 1918; x_wconf 81' lang='lat' dir='ltr'>soboli</span> <span class='ocrx_word' id='word_1_102' title='bbox 293 1864 350 1905; x_wconf 89' lang='lat' dir='ltr'>nec</span> <span class='ocrx_word' id='word_1_103' title='bbox 362 1846 470 1905; x_wconf 89' lang='lat' dir='ltr'>mortis</span> <span class='ocrx_word' id='word_1_104' title='bbox 480 1859 619 1927; x_wconf 87' lang='lat' dir='ltr'>tempore</span> <span class='ocrx_word' id='word_1_105' title='bbox 631 1857 708 1904; x_wconf 83' lang='lat' dir='ltr'>natae</span> 
     </span>
     <span class='ocr_line' id='line_1_18' title="bbox 25 1931 859 2019; baseline 0.001 -29"><span class='ocrx_word' id='word_1_106' title='bbox 25 1931 222 2019; x_wconf 82' lang='lat' dir='ltr'>iantgeminum</span> <span class='ocrx_word' id='word_1_107' title='bbox 230 1935 859 2018; x_wconf 83' lang='lat' dir='ltr'>matriscommortuamembrasepulerum.</span> 
     </span>
     <span class='ocr_line' id='line_1_19' title="bbox 25 2023 635 2110; baseline 0.013 -30"><span class='ocrx_word' id='word_1_108' title='bbox 25 2023 128 2109; x_wconf 76' lang='lat' dir='ltr'>lindiam</span> <span class='ocrx_word' id='word_1_109' title='bbox 138 2031 234 2110; x_wconf 83' lang='lat' dir='ltr'>levius</span> <span class='ocrx_word' id='word_1_110' title='bbox 245 2030 362 2108; x_wconf 88' lang='lat' dir='ltr'>quoties</span> <span class='ocrx_word' id='word_1_111' title='bbox 374 2029 553 2105; x_wconf 84' lang='lat' dir='ltr'>intervenit,</span> <span class='ocrx_word' id='word_1_112' title='bbox 569 2029 635 2108; x_wconf 83' lang='lat' dir='ltr'>ipsa</span> 
     </span>
    </p>

    <p class='ocr_par' dir='ltr' id='par_1_13' title="bbox 25 2111 808 2388">
     <span class='ocr_line' id='line_1_20' title="bbox 25 2111 808 2202; baseline -0.003 -22"><span class='ocrx_word' id='word_1_113' title='bbox 25 2111 49 2173; x_wconf 66' lang='lat' dir='ltr'>it</span> <span class='ocrx_word' id='word_1_114' title='bbox 55 2137 136 2199; x_wconf 82' lang='lat' dir='ltr'>pereat</span> <span class='ocrx_word' id='word_1_115' title='bbox 146 2137 214 2183; x_wconf 91' lang='lat' dir='ltr'>turn</span> <span class='ocrx_word' id='word_1_116' title='bbox 226 2122 290 2184; x_wconf 87' lang='lat' dir='ltr'>sola</span> <span class='ocrx_word' id='word_1_117' title='bbox 299 2141 425 2202; x_wconf 84' lang='lat' dir='ltr'>parens,</span> <span class='ocrx_word' id='word_1_118' title='bbox 439 2143 474 2184; x_wconf 93' lang='lat' dir='ltr'>ac</span> <span class='ocrx_word' id='word_1_119' title='bbox 486 2122 623 2201; x_wconf 85' lang='lat' dir='ltr'>pondere</span> <span class='ocrx_word' id='word_1_120' title='bbox 637 2119 702 2179; x_wconf 84' lang='lat' dir='ltr'>suso</span> <span class='ocrx_word' id='word_1_121' title='bbox 802 2163 808 2170; x_wconf 84' lang='grc'>-</span> 
     </span>
     <span class='ocr_line' id='line_1_21' title="bbox 25 2207 763 2295; baseline 0.007 -29"><span class='ocrx_word' id='word_1_122' title='bbox 25 2207 180 2277; x_wconf 76' lang='lat' dir='ltr'>imitratcum</span> <span class='ocrx_word' id='word_1_123' title='bbox 194 2215 282 2295; x_wconf 81' lang='lat' dir='ltr'>prole</span> <span class='ocrx_word' id='word_1_124' title='bbox 293 2214 445 2274; x_wconf 86' lang='lat' dir='ltr'>animam?</span> <span class='ocrx_word' id='word_1_125' title='bbox 459 2213 530 2292; x_wconf 86' lang='lat' dir='ltr'>quid</span> <span class='ocrx_word' id='word_1_126' title='bbox 543 2212 621 2271; x_wconf 84' lang='lat' dir='ltr'>forte</span> <span class='ocrx_word' id='word_1_127' title='bbox 633 2210 763 2274; x_wconf 80' lang='lat' dir='ltr'>levatum</span> 
     </span>
     <span class='ocr_line' id='line_1_22' title="bbox 25 2298 676 2388; baseline 0.015 -32"><span class='ocrx_word' id='word_1_128' title='bbox 25 2298 191 2388; x_wconf 73' lang='lat' dir='ltr'>inritamque</span> <span class='ocrx_word' id='word_1_129' title='bbox 206 2307 257 2366; x_wconf 89' lang='lat' dir='ltr'>diu</span> <span class='ocrx_word' id='word_1_130' title='bbox 268 2307 382 2388; x_wconf 79' lang='lat' dir='ltr'>rapitur</span> <span class='ocrx_word' id='word_1_131' title='bbox 395 2307 419 2366; x_wconf 91' lang='lat' dir='ltr'>si</span> <span class='ocrx_word' id='word_1_132' title='bbox 433 2307 537 2366; x_wconf 81' lang='lat' dir='ltr'>funere</span> <span class='ocrx_word' id='word_1_133' title='bbox 549 2305 676 2387; x_wconf 81' lang='lat' dir='ltr'>pignus,</span> 
     </span>
    </p>

    <p class='ocr_par' dir='ltr' id='par_1_14' title="bbox 25 2389 809 2851">
     <span class='ocr_line' id='line_1_23' title="bbox 25 2389 809 2480; baseline 0.01 -32"><span class='ocrx_word' id='word_1_134' title='bbox 25 2389 86 2456; x_wconf 85' lang='lat' dir='ltr'>Jnica</span> <span class='ocrx_word' id='word_1_135' title='bbox 93 2402 166 2478; x_wconf 89' lang='lat' dir='ltr'>quod</span> <span class='ocrx_word' id='word_1_136' title='bbox 180 2400 288 2460; x_wconf 89' lang='lat' dir='ltr'>crebro</span> <span class='ocrx_word' id='word_1_137' title='bbox 300 2420 368 2480; x_wconf 89' lang='lat' dir='ltr'>spes</span> <span class='ocrx_word' id='word_1_138' title='bbox 381 2398 519 2479; x_wconf 81' lang='lat' dir='ltr'>respicit,</span> <span class='ocrx_word' id='word_1_139' title='bbox 535 2409 564 2458; x_wconf 89' lang='lat' dir='ltr'>et</span> <span class='ocrx_word' id='word_1_140' title='bbox 577 2398 656 2478; x_wconf 86' lang='lat' dir='ltr'>perit</span> <span class='ocrx_word' id='word_1_141' title='bbox 668 2416 760 2456; x_wconf 86' lang='lat' dir='ltr'>omne</span> <span class='ocrx_word' id='word_1_142' title='bbox 807 2435 809 2444; x_wconf 37' lang='grc' dir='ltr'><strong><em>ι</em></strong></span> 
     </span>
     <span class='ocr_line' id='line_1_24' title="bbox 25 2479 732 2572; baseline 0.011 -30"><span class='ocrx_word' id='word_1_143' title='bbox 25 2479 82 2560; x_wconf 54' lang='lat' dir='ltr'>Quod</span> <span class='ocrx_word' id='word_1_144' title='bbox 90 2492 137 2552; x_wconf 88' lang='lat' dir='ltr'>sibi</span> <span class='ocrx_word' id='word_1_145' title='bbox 148 2493 304 2571; x_wconf 87' lang='lat' dir='ltr'>conceptis</span> <span class='ocrx_word' id='word_1_146' title='bbox 317 2490 503 2572; x_wconf 81' lang='lat' dir='ltr'>spondebant</span> <span class='ocrx_word' id='word_1_147' title='bbox 516 2489 622 2572; x_wconf 84' lang='lat' dir='ltr'>gaudia</span> <span class='ocrx_word' id='word_1_148' title='bbox 634 2489 732 2552; x_wconf 81' lang='lat' dir='ltr'>rotis?</span> 
     </span>
     <span class='ocr_line' id='line_1_25' title="bbox 25 2572 718 2665; baseline 0.003 -27"><span class='ocrx_word' id='word_1_149' title='bbox 25 2572 132 2645; x_wconf 76' lang='lat' dir='ltr'>inanibus</span> <span class='ocrx_word' id='word_1_150' title='bbox 143 2585 191 2644; x_wconf 90' lang='lat' dir='ltr'>his</span> <span class='ocrx_word' id='word_1_151' title='bbox 205 2583 424 2665; x_wconf 75' lang='lat' dir='ltr'>illnd&#39;gravius‚</span> <span class='ocrx_word' id='word_1_152' title='bbox 437 2583 462 2649; x_wconf 85' lang='lat' dir='ltr'>si</span> <span class='ocrx_word' id='word_1_153' title='bbox 476 2582 553 2644; x_wconf 77' lang='lat' dir='ltr'>forte</span> <span class='ocrx_word' id='word_1_154' title='bbox 567 2594 718 2647; x_wconf 82' lang='lat' dir='ltr'>carentem</span> 
     </span>
     <span class='ocr_line' id='line_1_26' title="bbox 25 2663 706 2739; baseline 0.004 -9"><span class='ocrx_word' id='word_1_155' title='bbox 25 2663 103 2734; x_wconf 74' lang='lat' dir='ltr'>iulesti</span> <span class='ocrx_word' id='word_1_156' title='bbox 115 2677 233 2739; x_wconf 84' lang='lat' dir='ltr'>lavacro</span> <span class='ocrx_word' id='word_1_157' title='bbox 245 2688 381 2738; x_wconf 89' lang='lat' dir='ltr'>tenerum</span> <span class='ocrx_word' id='word_1_158' title='bbox 393 2695 476 2736; x_wconf 90' lang='lat' dir='ltr'>mors</span> <span class='ocrx_word' id='word_1_159' title='bbox 489 2676 589 2737; x_wconf 80' lang='lat' dir='ltr'>invida</span> <span class='ocrx_word' id='word_1_160' title='bbox 601 2687 706 2734; x_wconf 87' lang='lat' dir='ltr'>natum</span> 
     </span>
     <span class='ocr_line' id='line_1_27' title="bbox 25 2755 661 2851; baseline 0.005 -31"><span class='ocrx_word' id='word_1_161' title='bbox 25 2755 136 2846; x_wconf 77' lang='lat' dir='ltr'>&#39;raripiat</span> <span class='ocrx_word' id='word_1_162' title='bbox 148 2771 223 2831; x_wconf 89' lang='lat' dir='ltr'>dura</span> <span class='ocrx_word' id='word_1_163' title='bbox 234 2781 405 2851; x_wconf 85' lang='lat' dir='ltr'>generatum</span> <span class='ocrx_word' id='word_1_164' title='bbox 417 2781 497 2829; x_wconf 89' lang='lat' dir='ltr'>sorte</span> <span class='ocrx_word' id='word_1_165' title='bbox 510 2768 661 2850; x_wconf 85' lang='lat' dir='ltr'>gehennae.</span> 
     </span>
    </p>

    <p class='ocr_par' dir='ltr' id='par_1_15' title="bbox 25 2849 832 3222">
     <span class='ocr_line' id='line_1_28' title="bbox 25 2849 661 2945; baseline 0 -27"><span class='ocrx_word' id='word_1_166' title='bbox 25 2849 121 2937; x_wconf 69' lang='lat' dir='ltr'>inique,</span> <span class='ocrx_word' id='word_1_167' title='bbox 134 2863 286 2945; x_wconf 80' lang='lat' dir='ltr'>genitricis</span> <span class='ocrx_word' id='word_1_168' title='bbox 300 2873 392 2925; x_wconf 85' lang='lat' dir='ltr'>cessat</span> <span class='ocrx_word' id='word_1_169' title='bbox 405 2881 474 2922; x_wconf 89' lang='lat' dir='ltr'>cum</span> <span class='ocrx_word' id='word_1_170' title='bbox 486 2861 564 2920; x_wconf 87' lang='lat' dir='ltr'>filius</span> <span class='ocrx_word' id='word_1_171' title='bbox 578 2877 661 2932; x_wconf 82' lang='lat' dir='ltr'>esse,</span> 
     </span>
     <span class='ocr_line' id='line_1_29' title="bbox 25 2941 663 3026; baseline 0.005 -20"><span class='ocrx_word' id='word_1_172' title='bbox 25 2941 163 3016; x_wconf 75' lang='lat' dir='ltr'>&#39;editionis</span> <span class='ocrx_word' id='word_1_173' title='bbox 175 2955 247 3015; x_wconf 88' lang='lat' dir='ltr'>erit:</span> <span class='ocrx_word' id='word_1_174' title='bbox 261 2955 357 3016; x_wconf 86' lang='lat' dir='ltr'>tristes</span> <span class='ocrx_word' id='word_1_175' title='bbox 370 2967 441 3014; x_wconf 91' lang='lat' dir='ltr'>tunc</span> <span class='ocrx_word' id='word_1_176' title='bbox 452 2954 530 3014; x_wconf 81' lang='lat' dir='ltr'>edita</span> <span class='ocrx_word' id='word_1_177' title='bbox 540 2951 663 3026; x_wconf 83' lang='lat' dir='ltr'>nolunt,</span> 
     </span>
     <span class='ocr_line' id='line_1_30' title="bbox 25 3035 832 3130; baseline -0.005 -27"><span class='ocrx_word' id='word_1_178' title='bbox 25 3035 199 3114; x_wconf 69' lang='lat' dir='ltr'>imflammis</span> <span class='ocrx_word' id='word_1_179' title='bbox 212 3061 326 3107; x_wconf 86' lang='lat' dir='ltr'>tantum</span> <span class='ocrx_word' id='word_1_180' title='bbox 338 3059 520 3130; x_wconf 56' lang='lat' dir='ltr'>genuerunt4</span> <span class='ocrx_word' id='word_1_181' title='bbox 534 3044 672 3106; x_wconf 86' lang='lat' dir='ltr'>membra</span> <span class='ocrx_word' id='word_1_182' title='bbox 685 3052 832 3122; x_wconf 86' lang='lat' dir='ltr'>parentes.</span> 
     </span>
     <span class='ocr_line' id='line_1_31' title="bbox 25 3123 722 3222; baseline 0 -26"><span class='ocrx_word' id='word_1_183' title='bbox 25 3123 68 3208; x_wconf 67' lang='lat' dir='ltr'>iu&#39;u</span> <span class='ocrx_word' id='word_1_184' title='bbox 77 3159 242 3204; x_wconf 89' lang='lat' dir='ltr'>memorare</span> <span class='ocrx_word' id='word_1_185' title='bbox 256 3153 343 3222; x_wconf 86' lang='lat' dir='ltr'>queat</span> <span class='ocrx_word' id='word_1_186' title='bbox 355 3139 429 3202; x_wconf 90' lang='lat' dir='ltr'>tanti</span> <span class='ocrx_word' id='word_1_187' title='bbox 439 3138 611 3202; x_wconf 88' lang='lat' dir='ltr'>discrimina</span> <span class='ocrx_word' id='word_1_188' title='bbox 626 3153 722 3208; x_wconf 84' lang='lat' dir='ltr'>casus,</span> 
     </span>
    </p>
   </div>
   <div class='ocr_carea' id='block_1_3' title="bbox 0 0 1058 3846">
    <p class='ocr_par' dir='ltr' id='par_1_16' title="bbox 0 0 1058 3846">
     <span class='ocr_line' id='line_1_32' title="bbox 0 0 1058 3846; baseline 0 0"><span class='ocrx_word' id='word_1_189' title='bbox 0 0 1058 3846; x_wconf 95' lang='lat' dir='ltr'> </span> 
     </span>
    </p>
   </div>
  </div>
 </body>
</html>
