2198 3844
45 345 137 408 ury-
250 331 447 389 caune-u
479 333 741 412 PASCHALE.
893 326 933 391 61

46 429 167 490 Natum
177 426 383 510 agnoscentis,
396 425 598 510 populus-quo
612 431 747 492 crederet
757 442 872 512 astaus,

47 522 118 584 Vox
126 521 238 584 emissa
250 539 304 582 suo
316 521 471 602 respondit
484 541 616 584 consona
628 525 731 586 verbo.

89 616 203 679 Annua
215 627 287 677 tunc
298 635 389 678 sacrae
403 615 556 678 celebrans
568 638 624 698 per
634 639 760 679 munera
772 640 862 684 coenae
910 661 912 668 ι

52 711 210 772 Paschales
223 731 260 770 ex
271 730 357 770 more
370 712 479 792 dapes,
494 710 698 790 humilemque
714 713 883 776 ministrum

53 804 93 866 Se
105 805 240 879 faciens,
252 817 282 865 et
290 805 437 888 gratasuis
451 796 586 888 exempla
600 805 790 886 relinquens,

53 899 205 982 Aumrgit,
217 897 395 978 famulisque
404 897 505 972 ,libens
517 898 695 977 famulatur,
709 914 738 961 et
752 922 876 966 ornnem

50 991 196 1053 Linteolo
207 993 357 1054 accinctus
369 1004 483 1054 tantum
497 992 651 1060 inclinarit
661 994 811 1056 honorem
823 1040 833 1074 ,

49 1087 221 1168 Discipulis
233 1100 265 1148 ut
276 1101 383 1168 sponte
397 1088 498 1151 lavans
509 1087 628 1174 vestigia
642 1089 775 1163 cunctis,

50 1182 251 1245 Nec-ludam
264 1182 538 1263 exciperet,.quem
550 1182 732 1263 proditionis
745 1182 856 1262 iniquae
896 1186 899 1192 ’
938 1229 943 1236 „

52 1276 192 1338 Noverat
203 1289 364 1338 auctorem.
380 1271 440 1336 Sed
452 1275 497 1335 nit
509 1275 689 1356 tibigloria,
703 1295 778 1336 saeve
811 1317 815 1324 -
887 1354 890 1360 Δ
918 1351 926 1362 .

52 1369 216 1454 Traditor,
231 1369 284 1431 illa
294 1370 382 1431 dabat
391 1369 520 1450 pedibus
531 1368 693 1430 consistere
702 1367 839 1446 mundis,

53 1467 120 1546 Qui
132 1486 222 1526 sensu
235 1463 365 1550 pollutus
380 1484 461 1537 eras,
476 1461 556 1524 velut
570 1482 661 1526 omne
674 1461 846 1545 sepulcrum
907 1459 909 1465 ¹

53 1561 214 1622 Exteriore
224 1579 330 1642 gerens
343 1557 416 1618 alba
427 1556 576 1619 velamina
586 1556 713 1640 formae,

54 1653 206 1736 Sardibus
218 1653 359 1730 interius,
374 1651 512 1730 foedoque
526 1651 668 1732 cadavere
681 1651 818 1733 plenum.
925 1711 927 1718 χ

94 1747 128 1808 N
131 1769 168 1808 ee
181 1745 353 1808 Dominum
363 1736 476 1807 latuere
489 1744 570 1818 doli,
583 1743 762 1824 scelerisque
774 1739 866 1806 futuri

53 1840 198 1902 Prodidit
209 1853 383 1926 auctorem,
398 1859 510 1921 panem
522 1839 570 1902 cui
582 1838 704 1900 tradidit
712 1838 796 1920 ipse,

54 1935 121 2015 Qui
135 1935 226 2016 panis
238 1935 472 1996 tradendus-erat
486 1956 493 1992 ι
506 1952 578 1994 narn
592 1931 748 2014 corporis,
763 1943 851 2014 atque

56 2027 220 2113 Sanguinis
232 2026 283 2090 ille
293 2027 338 2088 sui
347 2039 505 2108 postquam
518 2027 578 2086 duo
594 2044 721 2086 munera
733 2025 846 2098 sanxit,

54 2124 157 2203 Atque
166 2123 289 2195 eibum,
299 2133 464 2202 potumque
472 2120 570 2194 dedit,
586 2139 645 2196 quo
654 2130 779 2198 perpete
789 2135 944 2198 nunquam

56 2215 202 2278 Faucium
214 2214 373 2294 sitiantque
385 2203 494 2274 animae
504 2211 568 2273 sine
582 2209 649 2271 labe
658 2210 758 2272 fideles
771 2233 778 2270 :

57 2309 205 2372 Protinus
216 2307 393 2384 indudam,
407 2308 492 2368 sedes
505 2305 558 2368 ubi
567 2305 646 2366 livor
658 2303 807 2380 habebat,

60 2403 193 2486 Spiritus
207 2403 327 2464 intravit
337 2402 527 2475 teterrimus,
539 2418 681 2480 armaque
691 2418 814 2461 sumens
854 2459 856 2466 ,

58 2495 95 2559 ln
108 2497 301 2570 Dominum,
316 2496 422 2558 servile
434 2495 515 2571 dedit
525 2513 702 2576 consurgere
713 2491 851 2572 bellum,

61 2588 172 2653 Paetus
182 2591 293 2672 grande
305 2589 388 2650 nefas
400 2590 503 2669 quavis
517 2588 654 2656 mercede
668 2611 674 2645 :
686 2586 801 2658 necilli
849 2645 852 2651 ,

65 2683 163 2768 Culpa
177 2685 264 2744 datur
277 2684 394 2764 pretio,
409 2683 462 2744 sed
473 2682 618 2742 inhaerent
628 2680 755 2741 crimina
769 2679 861 2752 facto,

62 2777 268 2839 Tantumdern
277 2777 416 2852 sceleris,
430 2777 554 2838 terdena
564 2774 744 2836 numismata
755 2793 875 2835 sumens

63 2872 205 2955 Argenti,
221 2891 314 2952 parvo
326 2884 449 2934 caecatus
464 2891 588 2930 munere
602 2869 709 2954 gessit,
800 2918 804 2924 ,

66 2964 248 3044 Quantum,
261 2977 368 3026 cuncta
378 2964 468 3026 simul
480 2977 626 3028 terrarum
637 2977 745 3050 regna,
758 2964 908 3044 marisque

64 3058 409 3140 Divitias,omnemque
417 3060 498 3150 yagis
509 3081 578 3134 cum
588 3061 717 3124 nubibus
727 3061 849 3123 aethram

66 3145 256 3236 streperet,
270 3165 403 3236 gesturus
413 3168 477 3218 erat
489 3175 497 3214 ε
511 3173 607 3236 neque
621 3155 703 3216 enim
715 3155 801 3305 bouq5
807 3149 913 3230 muudi
926 3221 940 3244 Ι
955 3187 957 3194 ·
1008 3219 1013 3223 .
