2126 3848
11 367 124 444 345.
251 375 498 435 utsronrss
531 370 615 435 utu.
649 384 690 438 rr.
847 369 907 436 365

3 472 223 557 'rogrediens
232 473 270 532 ad
282 473 397 553 templa
409 476 507 553 locet,
521 479 692 558 studeatque
702 483 840 544 sacerdos
872 553 874 556 ¹
894 503 897 518 ·

1 567 183 630 Obstrictis
198 567 319 628 renibus
331 571 474 654 mysteria
486 586 582 636 castus
593 574 695 654 adire,

3 668 17 718 t
30 664 102 722 uod
115 661 229 722 statuit
241 660 286 721 lex
299 661 396 742 prisca·
407 708 416 739 ‚
429 667 523 747 magis
534 667 728 745 devinctaque
741 667 825 750 jussit

0 761 4 809 Ι
23 777 89 818 unc
105 755 180 816 haec
193 754 332 814 membra
344 757 419 839 tegi,
433 780 498 838 quae
512 760 644 840 possidet
657 772 719 821 atra
732 760 847 838 libido,

26 871 83 910 um
100 860 261 930 properat
274 847 368 910 libare
381 849 452 912 Deo
466 876 474 912 ε
488 851 580 922 laxata
593 854 765 934 relinquens

24 942 168 1025 onjugio
184 954 255 1021 post
265 961 347 1004 sacra
356 955 473 1005 tanturn
487 991 495 1021 ‚
512 967 550 1007 ne
564 948 679 1029 partior
692 969 759 1009 usus

24 1039 44 1097 d
59 1035 195 1098 sobolis
207 1053 268 1094 non
280 1047 369 1096 staret
383 1057 476 1118 opus,
490 1039 642 1120 sterilique
657 1043 767 1103 marito

26 1127 173 1191 onnubii
190 1124 312 1209 frigeret
321 1135 432 1203 arnor,
447 1151 516 1192 cum
530 1145 610 1192 certa
623 1155 760 1217 propago

2 1223 73 1286 lloc
84 1222 240 1284 solemne
253 1241 359 1302 gerens
371 1223 471 1284 nullos
482 1225 652 1310 admitteret
670 1247 801 1306 unquam
897 1295 901 1299 ,

33 1331 143 1378 terna
158 1315 204 1376 de
218 1314 310 1395 stirpe
322 1315 420 1391 viros,
435 1318 488 1379 ubi
501 1318 626 1378 nomine
638 1318 739 1399 prisco
787 1365 794 1373 .

34 1462 36 1467 .
56 1412 157 1472 aditis
172 1409 319 1491 perdurat
330 1410 446 1486 honor,
458 1412 619 1494 prolesque
635 1433 690 1494 per
701 1431 797 1474 aevum

4 1503 244 1568 sanctificanda
258 1503 356 1579 redit,
371 1505 486 1567 vicibus
497 1505 663 1587 supplenda
676 1508 807 1570 creandi·

5 1598 159 1662 Ecclesiae
173 1617 259 1659 nunc
270 1596 349 1657 alma
362 1597 435 1661 fides
448 1601 513 1660 sine
525 1601 585 1660 fine
598 1601 724 1682 pudicos
740 1645 753 1663 2

6 1692 181 1756 Pontifices
196 1691 279 1784 jubet
289 1711 352 1752 esse
365 1711 455 1768 suos,
471 1707 500 1754 et
513 1695 618 1772 quaerit
631 1696 662 1755 in
677 1695 762 1756 omni

6 1784 104 1850 Csura
120 1786 231 1858 tribu,
246 1803 324 1874 quos¹
335 1785 391 1844 rite
403 1786 512 1865 probet
523 1807 579 1847 nec
591 1787 739 1868 sanguinis
753 1789 828 1862 iste,
897 1824 900 1837 ·

4 1879 66 1942 Sed
80 1877 199 1941 meriti
213 1895 365 1939 successor
378 1879 453 1952 erit,
468 1891 568 1940 tamen
583 1879 635 1939 illa
646 1881 738 1960 figura

4 1973 118 2054 Qua
92 1991 167 2034 sine
183 1969 266 2029 nulla
281 1983 362 2032 vetus
375 1972 506 2033 subsistit
517 1973 632 2048 littera,
649 1973 772 2032 demum

7 2065 76 2130 Hae
87 2064 212 2126 melius
223 2063 355 2125 novitate
369 2079 486 2140 manet,
501 2067 652 2144 variatque
667 2079 822 2128 recurrens

6 2145 139 2221 Alterna
154 2155 276 2216 ratione
288 2157 386 2233 vices,
397 2178 436 2219 ne
450 2158 528 2218 sorte
541 2160 679 2219 sacerdos

6 2253 95 2315 Tunc
108 2268 262 2336 generare
275 2251 364 2325 velit,
377 2271 447 2312 cum
460 2243 590 2326 neudum
601 2242 702 2313 mente
708 2273 835 2333 sapaces

9 2344 125 2408 Cernit
139 2344 252 2428 adesse
259 2363 378 2427 gregem
391 2366 520 2424 cumque
531 2346 618 2406 instat
631 2347 742 2408 nobilis
755 2350 866 2427 ardor,

8 2437 228 2515 Discendique
239 2436 351 2513 sames,
365 2450 397 2497 ut
409 2439 541 2518 apertius
554 2459 607 2499 ora
620 2440 768 2516 resolvat,

9 2531 59 2593 Ne
74 2533 244 2613 quisquam
257 2532 374 2612 jejunus
386 2543 451 2592 eat:
463 2551 534 2591 nam
544 2533 659 2594 semine
672 2535 757 2594 verbi

13 2622 145 2688 Prolem
160 2643 250 2704 posse
261 2624 344 2733 dari,
359 2621 470 2684 Paulus
484 2645 602 2706 quoque
614 2627 722 2708 saepius
735 2628 850 2707 inquit,

12 2719 125 2780 Filiuli
137 2717 268 2778 dicendo
281 2718 342 2778 mei
355 2719 434 2800 juvat
448 2738 519 2802 ergo
533 2738 697 2799 parumper

12 2811 191 2893 Eloquium
204 2811 330 2892 genitale
343 2811 442 2892 premi
452 2853 462 2886 ‚
471 2812 661 2890 studiumque
671 2811 831 2872 docentem

12 2904 210 2988 Dispensare
223 2925 310 2964 suum
322 2949 331 2980 ‚
345 2905 442 2966 laxans
454 2924 511 2986 pro
526 2917 664 2985 tempore
678 2903 756 2965 vires

12 2997 138 3084 Ingenii
151 3041 161 3071 ‚
176 2997 349 3078 strictasque
361 2999 478 3074 ferens,
491 3019 530 3058 ne
543 2997 608 3059 lusa
622 2997 743 3078 profani

14 3091 211 3156 Conculcata
219 3104 330 3168 terant,
346 3093 495 3153 mundatis
507 3105 608 3154 sancta
615 3111 771 3153 reservans

14 3183 76 3250 Fas
89 3197 177 3249 vetat
189 3185 259 3247 inde
272 3187 385 3265 quaeri,
399 3185 496 3270 culpis
505 3185 564 3249 hoc
575 3187 704 3271 imputet
715 3183 789 3244 Adae
