2106 3846
4 293 104 356 nroJ.
259 284 471 340 CARMEN.
503 289 591 342 ΗΒ.
621 293 641 342 t.
821 279 880 342 235

4 379 36 440 Et
49 382 123 442 dum
136 377 220 440 nulle
233 378 291 440 sibi
300 380 404 442 tribuit
415 381 515 459 bonu,
527 384 560 444 fit
572 383 659 446 Deus
669 385 716 446 illi

4 475 134 552 Omnia,
149 488 179 536 et
193 474 225 534 in
238 487 339 538 sancto
353 490 456 560 regnet
466 478 611 560 sapientia
622 480 748 562 templo.

36 569 127 630 lstios
136 589 210 652 ergo
224 569 302 630 inter
315 584 438 632 cunctos
451 571 551 652 quide
564 595 651 658 grege
665 586 768 638 sancto

4 661 118 724 lusanae
132 661 280 744 pepulere
293 663 391 739 feres,
407 665 552 728 industria
565 671 680 750 major,

4 753 97 840 liujus
120 777 219 838 opus,
235 769 330 818 totum
339 760 526 840 praestantius
534 761 643 822 imbuit
656 764 773 827 orbem.

4 851 80 912 Nam
92 871 276 932 quocunque
287 853 412 935 gradum
424 855 571 916 convertit
583 855 707 918 callidus
720 859 825 937 hostis,

4 943 130 1026 Quaque
145 965 201 1026 per
214 946 352 1030 ambages
358 965 469 1028 anceps
480 948 538 1010 iter
547 950 758 1032 egitopertes,

4 1038 99 1122 Hujus
111 1039 150 1100 ab
161 1047 341 1102 occursu'est
355 1054 541 1123 praeventus,
554 1043 640 1105 mille
653 1046 770 1108 riarum

4 1133 121 1194 lusidiis
133 1133 250 1192 editum
264 1153 328 1194 non
342 1135 584 1216 repperientibus
596 1137 703 1198 ullum.

5 1224 143 1306 Cumque
155 1223 232 1286 loris
244 1225 341 1288 rabies
354 1227 512 1290 aridorum
524 1227 640 1291 exclusa
651 1230 794 1312 luporum

4 1319 191 1398 Frenderet,
206 1318 299 1399 inque
312 1339 418 1382 omnes
430 1321 587 1384 mendacia
601 1336 731 1387 verteret
744 1341 839 1408 artes,

4 1411 52 1476 Ne
62 1426 184 1477 mentes
195 1412 324 1476 ullarum
337 1415 438 1478 ovium
452 1435 649 1501 corrumpere
662 1433 781 1501 posset,

4 1509 182 1572 Neudubia
196 1508 327 1589 obliquis
339 1509 473 1572 turbaret
483 1513 575 1574 corda
584 1511 733 1592 querelis,

4 1605 86 1667 Istius
99 1625 156 1666 ore
171 1603 230 1666 viri
244 1603 315 1665 fecit
325 1601 412 1665 Deus
425 1627 432 1663 :
444 1604 527 1666 istius
541 1626 594 1666 ore

5 1697 150 1760 Flumine
160 1697 313 1758 librorum
326 1698 472 1757 mundum
486 1697 625 1762 effluxere
638 1721 849 1782 peromnem,

6 1791 80 1869 Quae
92 1793 188 1854 mites
199 1790 387 1870 humilesque
398 1790 505 1854 bibunt
516 1835 524 1870 ,
535 1794 708 1875 campisque
720 1797 893 1861 animorum

8 1883 242 1948 Certantritalis
255 1885 399 1948 doctrinae
412 1885 576 1948 immittere
590 1889 681 1949 rivos.

46 1981 183 2061 Jamque
198 1971 375 2064 procellosus
387 1978 512 2062 disjecto
523 1981 644 2042 turbine
655 1983 753 2044 noctis
767 2028 776 2060 ,

8 2072 80 2134 Heu
92 2095 172 2138 nora
182 2073 284 2151 bella,
306 2075 376 2136 nori
386 2087 488 2156 partus
501 2075 638 2138 oriuntur
646 2075 678 2134 in
697 2075 764 2157 ipso

8 2167 130 2232 Securae
141 2169 251 2231 matris
262 2167 378 2252 gremio
391 2193 399 2230 :
414 2179 480 2249 quae
490 2187 625 2232 crescere
637 2168 713 2230 natis

8 2262 82 2324 Visa
94 2264 153 2326 sibi
165 2307 176 2340 ,
194 2263 307 2324 discors
319 2262 422 2323 horret
434 2283 613 2346 consurgere
621 2283 745 2346 germen

8 2357 190 2444 Degeneres
202 2357 337 2437 pavitans
348 2355 474 2420 inimico
485 2376 520 2418 ex
530 2356 743 2419 seminefetus:

9 2453 48 2513 ln
62 2453 174 2533 quibus
187 2465 257 2513 ente
272 2450 323 2536 diu
335 2451 436 2532 specie
449 2450 570 2512 fallente
583 2450 730 2534 benignus

8 2545 137 2608 Erraret
150 2543 306 2630 genitricis
316 2561 422 2620 amor,
438 2565 506 2606 cum
519 2545 648 2607 obducta
661 2545 777 2607 decoris
838 2625 840 2629 ι
856 2609 858 2612 ,

10 2639 156 2704 Moribus
166 2652 296 2701 extemae
308 2639 409 2719 stirpis
420 2651 567 2722 tegeretur
578 2641 672 2721 origo.

10 2733 63 2798 Sic
72 2736 155 2798 veris
164 2733 295 2794 subeunt
306 2733 394 2808 falsa,
410 2745 439 2792 et
450 2733 623 2794 discrimine
637 2749 719 2794 coeco
905 2804 911 2808 ,

8 2829 131 2891 Fronte
147 2827 273 2910 placent
287 2849 352 2907 quse
361 2827 421 2888 fine
430 2825 539 2888 latent:
555 2826 598 2889 sic
610 2824 705 2887 laudis
717 2842 821 2886 amore

8 2923 177 2986 Virtutum
193 2920 325 2982 studium
338 2921 562 3001 corrumpitur,
576 2932 665 3000 atque
674 2919 712 2980 ab
725 2919 851 2980 honesto

9 3015 182 3100 Principio
194 3014 226 3075 in
239 3015 347 3077 vitium
360 3014 455 3076 exitur
465 3014 644 3096 plerumque
652 3013 797 3076 tumoris:

12 3110 88 3192 Quo
99 3110 232 3194 quidam
241 3107 385 3172 inflantur
398 3129 478 3174 nunc
490 3108 634 3190 turpiter,
647 3120 737 3188 etque
749 3106 905 3188 perempti
