2198 3844
44 311 154 375 2¹97·
250 283 730 376 cauuuurasculou.
860 261 940 372 ‘672

47 398 118 460 lloc
127 396 247 457 hebraea
262 395 373 468 refert,
386 387 444 456 hoc
455 415 569 478 graeca,
584 395 733 477 latinaque
748 396 857 482 lingua.

50 491 118 553 lloc
132 492 222 552 docet
233 509 295 548 una
306 489 398 562 fides,
413 509 506 548 uuum
518 501 565 550 ter
577 490 677 551 dicere
690 511 802 574 regem.

87 584 187 666 Hujus
196 585 229 644 in
243 583 353 643 exuviis
366 603 431 644 sors
444 582 591 659 mittitur,
606 597 638 644 ut
649 603 732 645 sacra
745 585 834 646 vestis

50 678 229 740 intemerata
242 697 383 751 manens,
399 697 416 736 a
431 674 552 738 Christo
565 678 694 741 schisma
708 690 828 741 vetaret.

90 773 270 852 Quinetiam
284 771 410 831 insontis
422 771 514 833 latere
529 792 563 833 ex
576 785 704 851 utroque
718 787 856 836 cruentos
920 833 924 840 .

55 864 243 928 Constituere
257 865 353 939 viros,
367 864 508 926 meritum
519 864 589 927 licet
600 865 741 927 omnibus
753 889 844 928 nuum

55 959 120 1022 Nou
131 959 223 1024 iaciat
234 958 340 1020 similis
351 960 487 1039 quamvis
499 960 655 1032 sententia,
669 981 800 1042 namque

52 1053 131 1115 luter
144 1053 301 1116 carnifices
314 1066 415 1116 saneto
429 1055 578 1134 pendente
590 1055 721 1116 latrones
734 1100 743 1131 ,

51 1146 109 1210 Par
122 1161 168 1210 est
180 1167 270 1229 poana
284 1147 397 1224 trium,
411 1148 463 1208 sed
473 1147 575 1228 dispar
591 1167 677 1209 causa
690 1150 830 1230 duorum.
875 1149 880 1165 ¹

54 1240 96 1302 lli
109 1241 225 1304 mundo
240 1253 307 1301 suut
320 1240 432 1322 quippe
445 1240 489 1301 rei
503 1260 561 1321 pro
576 1240 704 1301 crimine
719 1241 834 1321 multo,

55 1333 134 1398 Huic
147 1355 217 1395 reos
227 1347 271 1395 eat
284 1335 429 1410 mundus,
443 1333 570 1395 salvatus
583 1330 723 1416 sanguiue
735 1337 824 1418 justo.

55 1427 278 1511 suppliciisque
291 1441 392 1490 tamen
404 1448 506 1490 rerum
523 1427 696 1488 dominator
707 1428 739 1489 in
753 1421 826 1511 ipsis

53 1522 128 1584 Jura
138 1523 295 1605 potestatis
305 1519 368 1584 nou
380 1521 513 1604 perdidit
525 1545 533 1582 ι
543 1541 642 1600 aequus¹
656 1534 817 1603 utrumque

55 1615 295 1696 Judex'namque
309 1630 411 1692 tuens,
424 1613 610 1698 hunceligit,
625 1615 705 1677 hunc
719 1619 911 1698 reprobavit,

52 1711 226 1774 Amborum
240 1713 346 1771 merita
356 1709 500 1790 praecelso
506 1709 640 1770 examine
653 1730 791 1791 pensans.

55 1805 146 1868 Unus
159 1806 263 1882 enim,
277 1825 367 1886 quem
380 1805 440 1866 vita
452 1803 537 1864 ferox
549 1824 606 1865 uec
618 1816 717 1865 utone
730 1803 876 1886 reliquit,

54 1900 93 1966 lu
102 1899 279 1962 Dominum
293 1899 434 1962 scelerata
447 1919 573 1961 movens
586 1899 739 1976 convicia,
755 1901 843 1963 dictis

55 1993 221 2056 Mordebat
235 1993 389 2075 propriis,
404 2006 433 2056 et
443 2003 587 2072 tanquam
600 1992 711 2053 seri-ner
723 1993 824 2056 hircus

58 2087 122 2151 Ore
133 2107 289 2162 venenoso
301 2087 393 2149 vitem
407 2087 556 2149 lacerabat
568 2105 718 2146 amoenam
734 2110 740 2144 :

58 2183 163 2261 Alter,
174 2181 370 2263 adoratoper
381 2182 472 2243 verba
492 2180 646 2262 precantia
662 2176 801 2259 Christo,

60 2275 166 2342 Saucia
181 2276 312 2359 dejectus'
323 2273 460 2338 ilectebat
473 2274 604 2352 lumina,
618 2287 733 2336 tautum

59 2369 207 2447 Iumina,
221 2389 293 2431 uam
300 2369 438 2454 geminas
451 2369 593 2433 arcebant
605 2369 723 2431 vincula
737 2371 861 2451 palmas.

38 2527 41 2536 ,
60 2465 163 2547 Quem
177 2464 350 2540 Dominus,¹
359 2483 415 2526 ceu
426 2473 529 2546 pastor
542 2483 630 2526 orem
645 2464 759 2526 deserta
770 2488 826 2548 per
840 2488 924 2546 arva,

62 2557 187 2646 Colligit
199 2569 370 2634 errantem,
384 2577 544 2640 secumque
558 2559 705 2620 adducere
718 2557 825 2642 gaudet
839 2572 842 2577 ’

64 2651 250 2734 lucarnpos,
262 2643 418 2732 paradise,
430 2662 515 2728 tuos,
529 2651 581 2713 ubi
595 2650 671 2712 llore
684 2653 811 2733 pereuni
835 2655 836 2660 ’

64 2747 247 2810 Gramineus
259 2745 410 2806 blanditur
422 2765 509 2828 ager,
525 2763 745 2826 nemorumque
760 2747 896 2831 voluptas

64 2840 185 2927 lrriguis
192 2839 324 2902 nutritur
337 2837 436 2921 aquia,
451 2839 588 2920 interque
604 2839 734 2922 benigue

66 2933 256 3017 Conspicuus
268 2932 370 3015 pomis
382 2953 445 2994 nou
458 2931 665 2995 deficientibus
682 2933 786 2995 hortos

65 3025 193 3115 lugemit
206 3027 362 3110 antiquum
374 3045 498 3108 serpens
509 3026 643 3088 habitare
656 3027 809 3089 colonum.

65 3123 168 3189 tubo
179 3122 271 3208 igitur
283 3120 400 3186 verium
413 3121 530 3185 diverso
540 3121 615 3186 calle
628 3119 759 3183 latrones

1005 2803 1010 2832 l
