2106 3846
39 345 109 431 ⁵²7·
202 315 476 411 nonnarum
511 353 591 412 tro.
624 349 682 413 tv.
836 341 894 436 ¹73

18 451 147 513 „edditur
158 463 189 512 et
202 449 285 513 coelis
297 448 402 510 vultus.
418 447 473 510 Sol
485 451 549 532 ipse
563 454 720 531 reductus,

18 547 60 606 ed
72 566 132 606 non
144 543 274 606 inventis
283 543 367 622 queis
378 546 482 608 reddat
496 545 610 608 lumina
621 549 727 627 terrisj

18 639 129 699 'autum
144 639 217 698 luxit
232 637 332 718 aquis;
348 637 439 700 tristis
452 641 533 701 vidct
545 659 666 721 equora
679 643 794 726 fulgor,

18 731 163 812 Quamque
174 732 281 794 breves
290 731 390 792 radios
402 734 538 794 admotas
550 734 658 819 frangit
675 735 706 796 in
720 737 834 812 undas,
935 780 939 788 ·

18 824 81 885 l'am
95 825 306 887 consumendis
318 826 436 888 fervens
447 841 481 888 ac
493 828 647 908 proximus
663 829 759 891 instat.

18 917 174 982 terminus
185 933 214 982 et
224 919 318 1000 patuli
329 932 416 982 terreo
430 920 607 983 clauduntur
619 923 734 1001 hiatus,

18 1013 134 1093 Juaeque
147 1016 231 1097 prius
244 1014 359 1075 vomuit
372 1014 472 1074 lethali
486 1035 521 1075 ex
535 1037 588 1076 ore
599 1015 729 1092 fluenta,

18 1107 148 1170 )bicibus
161 1107 295 1190 propriis
307 1110 464 1203 constricta
475 1110 613 1200 resorbet
626 1112 757 1194 abyssus.
800 1172 802 1176 ,

18 1200 70 1262 lec
81 1216 177 1263 tamen
191 1214 222 1262 ut
235 1203 333 1276 venit,
346 1203 477 1262 breviter
489 1203 533 1264 sic
545 1205 626 1263 unda
638 1205 752 1264 recedit
767 1226 774 1261 ε

18 1291 118 1356 iiccant
132 1317 194 1356 non
207 1296 295 1376 pauci
307 1295 397 1377 longo
411 1297 462 1356 sed
476 1309 617 1376 tempore
628 1311 764 1372 menses,

18 1387 94 1467 Quod
107 1390 193 1471 pauci
207 1387 310 1449 fudere
324 1389 404 1459 dies;
420 1389 481 1470 jam
496 1391 583 1450 ducta
597 1401 698 1451 natatu

18 1484 152 1543 irmeniae
167 1483 253 1544 celsis
264 1482 390 1542 instabat
403 1473 557 1543 mbntibus
571 1502 660 1559 arca,

18 1573 45 1635 lt
56 1579 184 1637 nondum
199 1577 288 1662 nudis
298 1576 390 1636 sundo
405 1577 540 1662 consedit
552 1577 583 1635 in
596 1563 682 1655 arvis.

45 1669 86 1730 Ut
97 1672 233 1732 stabilem
244 1671 334 1732 sensit
347 1671 466 1749 senior,
480 1684 625 1751 motuque
637 1684 812 1749 carentem,

18 1761 71 1824 lec
83 1763 192 1825 iluitare
205 1777 309 1826 natans
319 1779 443 1826 ventosa
454 1785 509 1847 per
521 1785 642 1845 aequora
655 1766 790 1848 lignum,

18 1854 136 1918 :redidit
146 1861 279 1922 abductis
289 1860 411 1921 nituisse
425 1859 593 1935 liquoribus
607 1860 724 1919 orbem.

19 1949 89 2013 lunc
102 1965 205 2013 reserat
218 1971 367 2012 summam
380 1950 500 2011 sublimi
513 1973 530 2011 a
543 1952 642 2014 fronte
656 1954 837 2029 lenestram,
943 2029 949 2036 ·

19 2041 119 2106 Emissa
132 2046 238 2107 refluos
252 2045 386 2126 exploret
396 2058 428 2105 ut
438 2045 508 2105 alite
519 2043 635 2106 [luctus.
688 2073 691 2077 ·

19 2133 64 2196 'lla
75 2139 164 2201 volans
177 2141 268 2222 longo
282 2139 452 2200 diverberat
463 2156 535 2197 aera
548 2137 674 2218 plausu,
730 2215 735 2222 ¹

20 2225 98 2309 itque
110 2234 198 2312 quatit
211 2253 316 2293 vacuas
329 2251 497 2314 pennarum
511 2231 644 2292 motibus
656 2252 752 2294 auras.

20 2319 136 2404 Cumque
148 2328 200 2410 diu
213 2327 297 2388 fessis
310 2327 403 2386 undas
414 2325 628 2409 perstringeret
640 2325 695 2386 alis
708 2368 717 2401 ‚

20 2413 152 2482 beclocus
165 2434 299 2504 optatam
313 2421 450 2500 requiem
462 2421 642 2482 concederet
656 2421 753 2495 ullus,
772 2419 776 2427 ’

21 2506 182 2576 Consuetum
196 2516 306 2598 repetit
317 2527 479 2596 prospecto
496 2533 529 2574 ex
541 2520 662 2593 aequore¹
674 2516 845 2577 claustrum.
913 2519 918 2526 '

21 2599 157 2688 Exceptum
168 2611 272 2672 senior
285 2605 424 2669 manibus
438 2620 508 2669 tuuc
520 2607 633 2691 colligit
647 2611 743 2684 intus,

22 2694 160 2764 idrertens
172 2703 270 2763 nullas
281 2703 410 2786 patuisse
424 2723 478 2784 per
491 2702 614 2762 humida
628 2713 731 2760 terras.

51 2791 153 2857 Interea
165 2819 273 2882 magua
284 2810 394 2879 pontus
407 2817 438 2856 se
452 2794 698 2856 molemovendo

22 2881 45 2944 ln
55 2887 131 2951 cbaos
143 2893 299 2971 antiquum
309 2891 447 2971 linquens
459 2889 609 2948 mundana
623 2887 748 2952 redibat.

23 2973 242 3047 lrcelsi'tandem
255 2985 393 3067 prolerre
406 2982 562 3046 cacumina
576 2983 712 3064 primum

23 3066 162 3156 lucipiunt‚
179 3093 246 3162 post
257 3099 332 3160 quos
348 3093 449 3141 tenues
462 3077 654 3140 crebrescere
668 3091 795 3141 montes.

24 3161 51 3224 dt
61 3191 119 3234 vero
130 3187 162 3236 ut
174 3175 295 3264 pelagus
308 3175 463 3238 cinxerunt
474 3173 575 3234 littora
588 3173 740 3256 priscum,
