2106 3846
142 275 260 348 180.
368 281 780 342 ineuntem
927 260 993 362 dp.

161 375 162 380 ’
177 379 234 443 llle
248 379 378 444 fremens
391 381 503 461 inquit,
518 365 584 462 quae
596 381 671 442 tanti
686 399 773 444 causa
784 379 945 458 tumultus,
1047 461 1049 464 Ι

137 473 253 556 Quisve
265 494 358 536 novus
371 474 519 556 populum
534 471 618 535 Deus
630 474 718 557 exigit
732 474 837 536 omine
848 474 955 538 misso?
1043 464 1049 492 ”

69 585 71 592 ’
138 565 261 630 Scilicet
273 568 318 627 hae
332 588 429 628 vacuae
443 580 563 649 tangent
576 567 706 630 coelestia
720 587 818 652 curus,
1001 556 1006 573 '
1047 555 1049 568 ³

57 661 63 670 ’
136 655 182 720 Ut
194 659 334 722 dominus
345 661 476 721 dominis
488 661 616 721 famulos
626 681 707 722 nunc
717 660 825 721 tollere
835 661 945 741 priscos

135 750 256 829 Vellet,
271 755 348 814 etad
362 754 493 813 tumidos
506 753 603 814 mittat
614 755 755 814 mandata
770 747 907 814 rebelles.

137 845 217 928 Quis
230 847 315 908 Deus
328 846 382 906 iste
393 847 487 921 soret,
503 847 552 909 cui
564 867 614 908 me
626 867 733 928 parere
746 867 867 909 neeesse
879 845 942 908 est?

135 942 197 1004 Aut
209 941 333 1022 sceptris
346 939 426 1001 celso
440 940 513 1018 quid
525 939 718 1001 formidabile
731 940 818 1022 regi?

135 1033 197 1097 Sed
211 1047 321 1096 vestras
329 1033 459 1093 nimium
468 1034 612 1095 seducunt
624 1035 686 1092 otia
699 1044 816 1094 mentes
830 1053 839 1091 t

134 1124 176 1188 Et
188 1128 245 1188 nisi
256 1127 366 1186 laxatos
377 1126 494 1204 requies
506 1145 644 1188 concessa
657 1125 791 1199 foveret,

134 1218 230 1280 Nulla
240 1215 429 1300 supervacuis
442 1230 609 1278 tererentur
620 1231 759 1299 tempora
771 1217 880 1279 verbis.

135 1308 215 1391 Quae
225 1314 249 1372 si
263 1313 405 1393 castigans
418 1310 573 1392 restringet
585 1311 701 1372 sarcina
713 1311 831 1392 major,

133 1404 261 1466 illicitus
271 1405 394 1467 vetitum
409 1402 511 1464 conari
526 1403 642 1464 desinet
654 1423 750 1465 ausus.

135 1495 176 1558 m
188 1517 256 1564 vos,
270 1493 412 1576 signifero
423 1494 474 1572 qui
486 1494 555 1554 talia
567 1509 636 1557 rota
649 1497 756 1557 ducato

80 1599 85 1610 “
135 1587 302 1661 instruitis,
318 1606 394 1647 rano
408 1597 437 1646 et
449 1586 570 1667 plebem
584 1589 754 1649 subvertitis
766 1605 839 1664 ore,

139 1680 328 1761 Conspectus
340 1679 429 1740 ritate
438 1700 522 1740 meos
533 1724 542 1757 ,
553 1681 727 1760 vultumque
739 1692 849 1744 cavete.

137 1774 244 1836 Ditem
258 1795 387 1854 namque
402 1772 541 1849 Pharon,
556 1774 605 1836 vel
616 1761 834 1856 pollentissime
844 1793 951 1836 cursus

33 1897 36 1906 »
138 1867 248 1930 Testor
263 1867 334 1927 Nile
348 1880 433 1941 tuos,
449 1877 479 1926 et
489 1866 563 1928 dives
576 1867 658 1929 vocis
668 1866 811 1928 Anubem

139 1960 220 2023 Cum
234 1961 353 2022 rabidus
362 1960 466 2034 latrat,
480 1961 542 2040 jam
552 1979 616 2021 non
627 1961 753 2040 impune
763 1959 927 2035 futurum,

139 2055 173 2116 Si
187 2069 320 2116 nostmm
334 2074 432 2116 rursus
446 2065 582 2132 repetant
591 2054 655 2114 heec
668 2054 748 2114 dicta
759 2051 908 2114 tribunal.

182 2147 308 2228 Virgam
323 2148 399 2207 forte
411 2166 501 2206 mann
514 2145 646 2225 gestabat
656 2144 762 2226 legifer
771 2146 881 2214 heros,

144 2239 218 2319 Quo
230 2239 337 2300 baculo
350 2239 449 2298 nitens
458 2258 591 2320 gressum
604 2238 677 2296 dum
688 2239 788 2297 dextra
799 2238 945 2320 regebat,

139 2330 257 2392 Excutit
267 2331 344 2390 hanc
357 2330 455 2390 valido
469 2333 635 2410 projectam
647 2330 783 2392 cominus
797 2331 869 2392 ictu.

139 2422 220 2484 Turn
235 2424 345 2480 mirum
358 2421 456 2492 dictu,
471 2437 659 2483 commotum
672 2443 793 2504 serpere
807 2415 949 2504 lignum,

140 2513 215 2578 Non
230 2511 416 2574 insensibiles
426 2532 481 2574 cen
491 2517 607 2594 promit
619 2511 743 2597 palmite
754 2535 855 2577 ramos

140 2610 213 2672 Vita
228 2629 351 2670 movens
363 2619 477 2668 tantum
489 2629 563 2687 quos
574 2623 695 2691 praestat
708 2629 843 2671 crescere
857 2607 975 2672 imetns
991 2634 1000 2670 ι
1046 2643 1047 2684 ;

144 2701 205 2766 Sed
218 2704 293 2766 flexu
306 2717 443 2784 reptans,
456 2701 561 2762 mutati
572 2715 603 2762 et
616 2703 753 2782 corporis
767 2723 821 2762 usu
1046 2691 1047 2764 l

145 2797 273 2860 Sensum
285 2798 475 2876 animamque
488 2814 613 2878 gerens,
627 2795 719 2875 coepit
728 2797 887 2858 decurrere
900 2796 1011 2881 virga,
1046 2765 1047 2857 l

144 2889 221 2953 ltlox
232 2911 357 2972 anguem
372 2891 499 2951 formata
511 2890 619 2952 refert:
635 2889 813 2950 conterritus
823 2888 929 2968 bresit,

146 2981 372 3061 AEternumque
386 2983 468 3064 niger
479 2997 543 3044 tum
555 2982 660 3064 palluit
673 3001 726 3042 ore
741 2993 893 3064 tyrannus.

147 3076 210 3144 Sed
219 3099 257 3141 ne
271 3074 428 3142 confusum
441 3077 492 3140 tali
504 3077 698 3143 succumbere
708 3075 792 3163 signo
