<?xml version="1.0" encoding="UTF-8"?>
<!DOCTYPE html PUBLIC "-//W3C//DTD XHTML 1.0 Transitional//EN"
    "http://www.w3.org/TR/xhtml1/DTD/xhtml1-transitional.dtd">
<html xmlns="http://www.w3.org/1999/xhtml" xml:lang="en" lang="en">
 <head>
  <title>
</title>
<meta http-equiv="Content-Type" content="text/html;charset=utf-8" />
  <meta name='ocr-system' content='tesseract 3.04.00' />
  <meta name='ocr-capabilities' content='ocr_page ocr_carea ocr_par ocr_line ocrx_word'/>
</head>
<body>
  <div class='ocr_page' id='page_1' title='image "./caiicaeliisedul00sedugoog_0158.png"; bbox 0 0 2102 3846; ppageno 0'>
   <div class='ocr_carea' id='block_1_1' title="bbox 6 335 909 419">
    <p class='ocr_par' dir='ltr' id='par_1_1' title="bbox 6 335 909 419">
     <span class='ocr_line' id='line_1_1' title="bbox 6 335 909 419; baseline -0.014 -13"><span class='ocrx_word' id='word_1_1' title='bbox 6 341 141 408; x_wconf 77' lang='lat' dir='ltr'><strong>v.256.</strong></span> <span class='ocrx_word' id='word_1_2' title='bbox 226 347 500 403; x_wconf 72' lang='lat' dir='ltr'>poematum</span> <span class='ocrx_word' id='word_1_3' title='bbox 533 343 722 398; x_wconf 80' lang='lat' dir='ltr'>n1n111.</span> <span class='ocrx_word' id='word_1_4' title='bbox 852 335 909 419; x_wconf 67' lang='lat'>¹49</span> 
     </span>
    </p>
   </div>
   <div class='ocr_carea' id='block_1_2' title="bbox 8 437 898 3232">
    <p class='ocr_par' dir='ltr' id='par_1_2' title="bbox 8 437 898 1084">
     <span class='ocr_line' id='line_1_2' title="bbox 8 437 733 527; baseline -0.017 -18"><span class='ocrx_word' id='word_1_5' title='bbox 8 449 50 509; x_wconf 86' lang='lat' dir='ltr'><strong>E</strong></span> <span class='ocrx_word' id='word_1_6' title='bbox 65 446 191 527; x_wconf 85' lang='lat' dir='ltr'>quarum</span> <span class='ocrx_word' id='word_1_7' title='bbox 205 441 307 502; x_wconf 87' lang='lat' dir='ltr'>medio</span> <span class='ocrx_word' id='word_1_8' title='bbox 320 437 444 500; x_wconf 76' lang='lat' dir='ltr'>sublimi</span> <span class='ocrx_word' id='word_1_9' title='bbox 455 439 487 500; x_wconf 89' lang='lat' dir='ltr'>in</span> <span class='ocrx_word' id='word_1_10' title='bbox 499 439 569 500; x_wconf 87' lang='lat' dir='ltr'>sede</span> <span class='ocrx_word' id='word_1_11' title='bbox 582 437 714 500; x_wconf 75' lang='lat' dir='ltr'>lotatum</span> <span class='ocrx_word' id='word_1_12' title='bbox 728 452 733 463; x_wconf 93' lang='grc'><strong><em>·</em></strong></span> 
     </span>
     <span class='ocr_line' id='line_1_3' title="bbox 12 531 898 619; baseline -0.009 -18"><span class='ocrx_word' id='word_1_13' title='bbox 12 542 118 601; x_wconf 86' lang='lat' dir='ltr'>Haud</span> <span class='ocrx_word' id='word_1_14' title='bbox 131 535 238 619; x_wconf 85' lang='lat' dir='ltr'>procul</span> <span class='ocrx_word' id='word_1_15' title='bbox 247 535 326 613; x_wconf 79' lang='lat' dir='ltr'>(line</span> <span class='ocrx_word' id='word_1_16' title='bbox 336 544 582 605; x_wconf 76' lang='lat' dir='ltr'>certecensetur,</span> <span class='ocrx_word' id='word_1_17' title='bbox 596 551 669 592; x_wconf 87' lang='lat' dir='ltr'>uam</span> <span class='ocrx_word' id='word_1_18' title='bbox 683 531 790 612; x_wconf 89' lang='lat' dir='ltr'>proeul</span> <span class='ocrx_word' id='word_1_19' title='bbox 804 532 874 594; x_wconf 89' lang='lat' dir='ltr'>inde</span> <span class='ocrx_word' id='word_1_20' title='bbox 888 573 898 608; x_wconf 86' lang='lat'><strong>,</strong></span> 
     </span>
     <span class='ocr_line' id='line_1_4' title="bbox 13 617 842 705; baseline -0.014 -11"><span class='ocrx_word' id='word_1_21' title='bbox 13 634 76 694; x_wconf 89' lang='lat' dir='ltr'>Ut</span> <span class='ocrx_word' id='word_1_22' title='bbox 88 635 176 693; x_wconf 86' lang='lat' dir='ltr'>docet</span> <span class='ocrx_word' id='word_1_23' title='bbox 186 617 330 704; x_wconf 77' lang='lat' dir='ltr'>eventus)</span> <span class='ocrx_word' id='word_1_24' title='bbox 340 625 452 686; x_wconf 74' lang='lat' dir='ltr'>sinibtrs</span> <span class='ocrx_word' id='word_1_25' title='bbox 460 625 614 705; x_wconf 82' lang='lat' dir='ltr'>conspexit</span> <span class='ocrx_word' id='word_1_26' title='bbox 628 635 770 686; x_wconf 87' lang='lat' dir='ltr'>orantem</span> <span class='ocrx_word' id='word_1_27' title='bbox 839 680 842 688; x_wconf 24' lang='grc' dir='ltr'><strong><em>Δ</em></strong></span> 
     </span>
     <span class='ocr_line' id='line_1_5' title="bbox 21 717 788 806; baseline -0.02 -19"><span class='ocrx_word' id='word_1_28' title='bbox 21 723 234 806; x_wconf 80' lang='lat' dir='ltr'>Abrahaejnsti</span> <span class='ocrx_word' id='word_1_29' title='bbox 246 733 395 782; x_wconf 87' lang='lat' dir='ltr'>mutatum</span> <span class='ocrx_word' id='word_1_30' title='bbox 407 719 440 778; x_wconf 92' lang='lat' dir='ltr'>in</span> <span class='ocrx_word' id='word_1_31' title='bbox 454 737 587 800; x_wconf 76' lang='lat' dir='ltr'>paupere</span> <span class='ocrx_word' id='word_1_32' title='bbox 598 717 733 788; x_wconf 79' lang='lat' dir='ltr'>vultum,</span> <span class='ocrx_word' id='word_1_33' title='bbox 784 765 788 772; x_wconf 22' lang='lat' dir='ltr'>e</span> 
     </span>
     <span class='ocr_line' id='line_1_6' title="bbox 26 811 836 900; baseline -0.012 -18"><span class='ocrx_word' id='word_1_34' title='bbox 26 819 177 900; x_wconf 75' lang='lat' dir='ltr'>Nereius</span> <span class='ocrx_word' id='word_1_35' title='bbox 189 815 321 876; x_wconf 87' lang='lat' dir='ltr'>similem</span> <span class='ocrx_word' id='word_1_36' title='bbox 336 857 345 886; x_wconf 81' lang='lat'><em>‚</em></span> <span class='ocrx_word' id='word_1_37' title='bbox 359 833 449 890; x_wconf 90' lang='lat' dir='ltr'>quem</span> <span class='ocrx_word' id='word_1_38' title='bbox 461 812 573 900; x_wconf 77' lang='lat' dir='ltr'>dudum</span> <span class='ocrx_word' id='word_1_39' title='bbox 586 811 652 874; x_wconf 84' lang='lat' dir='ltr'>luee</span> <span class='ocrx_word' id='word_1_40' title='bbox 664 823 836 892; x_wconf 78' lang='lat' dir='ltr'>receptum,</span> 
     </span>
     <span class='ocr_line' id='line_1_7' title="bbox 27 905 812 992; baseline -0.019 -18"><span class='ocrx_word' id='word_1_41' title='bbox 27 913 150 992; x_wconf 89' lang='lat' dir='ltr'>Quarto</span> <span class='ocrx_word' id='word_1_42' title='bbox 161 911 239 970; x_wconf 80' lang='lat' dir='ltr'>forte</span> <span class='ocrx_word' id='word_1_43' title='bbox 251 909 300 968; x_wconf 88' lang='lat' dir='ltr'>die</span> <span class='ocrx_word' id='word_1_44' title='bbox 313 907 360 968; x_wconf 81' lang='lat' dir='ltr'>vix</span> <span class='ocrx_word' id='word_1_45' title='bbox 370 906 527 986; x_wconf 80' lang='lat' dir='ltr'>quisquam</span> <span class='ocrx_word' id='word_1_46' title='bbox 538 905 634 988; x_wconf 73' lang='lat' dir='ltr'>largus</span> <span class='ocrx_word' id='word_1_47' title='bbox 644 905 789 968; x_wconf 70' lang='lat' dir='ltr'>humandi</span> <span class='ocrx_word' id='word_1_48' title='bbox 802 947 812 980; x_wconf 79' lang='lat'>,</span> 
     </span>
     <span class='ocr_line' id='line_1_8' title="bbox 21 999 666 1084; baseline -0.019 -17"><span class='ocrx_word' id='word_1_49' title='bbox 21 1005 62 1066; x_wconf 81' lang='grc' dir='ltr'><strong>Ν</strong></span> <span class='ocrx_word' id='word_1_50' title='bbox 64 1026 80 1067; x_wconf 89' lang='lat' dir='ltr'>e</span> <span class='ocrx_word' id='word_1_51' title='bbox 92 1005 155 1068; x_wconf 81' lang='lat' dir='ltr'>cito</span> <span class='ocrx_word' id='word_1_52' title='bbox 165 1004 332 1084; x_wconf 85' lang='lat' dir='ltr'>dispersum</span> <span class='ocrx_word' id='word_1_53' title='bbox 340 1013 452 1061; x_wconf 83' lang='lat' dir='ltr'>naturae</span> <span class='ocrx_word' id='word_1_54' title='bbox 462 999 526 1082; x_wconf 74' lang='lat' dir='ltr'>lege</span> <span class='ocrx_word' id='word_1_55' title='bbox 540 1001 666 1062; x_wconf 72' lang='lat' dir='ltr'>cadaver</span> 
     </span>
    </p>

    <p class='ocr_par' dir='ltr' id='par_1_3' title="bbox 19 1093 768 1350">
     <span class='ocr_line' id='line_1_9' title="bbox 19 1093 716 1177; baseline -0.014 -16"><span class='ocrx_word' id='word_1_56' title='bbox 19 1101 105 1161; x_wconf 81' lang='lat' dir='ltr'>Dira</span> <span class='ocrx_word' id='word_1_57' title='bbox 118 1099 315 1177; x_wconf 68' lang='lat' dir='ltr'>frequentatae</span> <span class='ocrx_word' id='word_1_58' title='bbox 327 1095 462 1176; x_wconf 76' lang='lat' dir='ltr'>contagia</span> <span class='ocrx_word' id='word_1_59' title='bbox 479 1094 612 1156; x_wconf 88' lang='lat' dir='ltr'>mitteret</span> <span class='ocrx_word' id='word_1_60' title='bbox 625 1093 691 1152; x_wconf 91' lang='lat' dir='ltr'>urbi</span> <span class='ocrx_word' id='word_1_61' title='bbox 707 1137 716 1166; x_wconf 80' lang='grc'><em>,</em></span> 
     </span>
     <span class='ocr_line' id='line_1_10' title="bbox 25 1169 768 1266; baseline -0.016 -12"><span class='ocrx_word' id='word_1_62' title='bbox 25 1191 201 1256; x_wconf 82' lang='lat' dir='ltr'>Obteetum</span> <span class='ocrx_word' id='word_1_63' title='bbox 214 1189 324 1251; x_wconf 86' lang='lat' dir='ltr'>laceris</span> <span class='ocrx_word' id='word_1_64' title='bbox 335 1188 418 1247; x_wconf 88' lang='lat' dir='ltr'>tenui</span> <span class='ocrx_word' id='word_1_65' title='bbox 428 1187 577 1248; x_wconf 85' lang='lat' dir='ltr'>velamine</span> <span class='ocrx_word' id='word_1_66' title='bbox 592 1185 719 1266; x_wconf 81' lang='lat' dir='ltr'>pannis,</span> <span class='ocrx_word' id='word_1_67' title='bbox 764 1169 768 1175; x_wconf 49' lang='grc'><strong>”</strong></span> 
     </span>
     <span class='ocr_line' id='line_1_11' title="bbox 22 1277 646 1350; baseline -0.021 -2"><span class='ocrx_word' id='word_1_68' title='bbox 22 1287 166 1350; x_wconf 80' lang='lat' dir='ltr'><strong>Naribus</strong></span> <span class='ocrx_word' id='word_1_69' title='bbox 177 1277 303 1346; x_wconf 79' lang='lat' dir='ltr'>astrictis</span> <span class='ocrx_word' id='word_1_70' title='bbox 315 1282 396 1342; x_wconf 91' lang='lat' dir='ltr'>nuda</span> <span class='ocrx_word' id='word_1_71' title='bbox 406 1281 515 1340; x_wconf 88' lang='lat' dir='ltr'>tellure</span> <span class='ocrx_word' id='word_1_72' title='bbox 528 1279 646 1347; x_wconf 77' lang='lat' dir='ltr'>locavit,</span> 
     </span>
    </p>

    <p class='ocr_par' dir='ltr' id='par_1_4' title="bbox 23 1367 856 1736">
     <span class='ocr_line' id='line_1_12' title="bbox 23 1367 856 1464; baseline -0.018 -22"><span class='ocrx_word' id='word_1_73' title='bbox 23 1380 184 1464; x_wconf 83' lang='lat' dir='ltr'>Angelieis</span> <span class='ocrx_word' id='word_1_74' title='bbox 196 1376 337 1438; x_wconf 88' lang='lat' dir='ltr'>manibus</span> <span class='ocrx_word' id='word_1_75' title='bbox 347 1387 417 1436; x_wconf 88' lang='lat' dir='ltr'>tune</span> <span class='ocrx_word' id='word_1_76' title='bbox 431 1374 462 1433; x_wconf 93' lang='lat' dir='ltr'>in</span> <span class='ocrx_word' id='word_1_77' title='bbox 476 1371 605 1433; x_wconf 84' lang='lat' dir='ltr'>sublime</span> <span class='ocrx_word' id='word_1_78' title='bbox 619 1367 750 1442; x_wconf 80' lang='lat' dir='ltr'>levatus,</span> <span class='ocrx_word' id='word_1_79' title='bbox 851 1397 856 1406; x_wconf 77' lang='lat'><em>·</em></span> 
     </span>
     <span class='ocr_line' id='line_1_13' title="bbox 25 1462 814 1550; baseline -0.016 -16"><span class='ocrx_word' id='word_1_80' title='bbox 25 1475 101 1536; x_wconf 88' lang='lat' dir='ltr'>Jarn</span> <span class='ocrx_word' id='word_1_81' title='bbox 116 1473 202 1533; x_wconf 84' lang='lat' dir='ltr'>dives</span> <span class='ocrx_word' id='word_1_82' title='bbox 213 1515 221 1544; x_wconf 86' lang='lat'>‚</span> <span class='ocrx_word' id='word_1_83' title='bbox 234 1471 295 1550; x_wconf 88' lang='lat' dir='ltr'>jam</span> <span class='ocrx_word' id='word_1_84' title='bbox 306 1478 485 1529; x_wconf 84' lang='lat' dir='ltr'>sanuserat:</span> <span class='ocrx_word' id='word_1_85' title='bbox 500 1477 664 1544; x_wconf 79' lang='lat' dir='ltr'>contraque</span> <span class='ocrx_word' id='word_1_86' title='bbox 671 1462 814 1544; x_wconf 78' lang='lat' dir='ltr'>superbi,</span> 
     </span>
     <span class='ocr_line' id='line_1_14' title="bbox 28 1555 819 1648; baseline -0.015 -19"><span class='ocrx_word' id='word_1_87' title='bbox 28 1569 94 1648; x_wconf 82' lang='lat' dir='ltr'>Qui</span> <span class='ocrx_word' id='word_1_88' title='bbox 106 1576 363 1647; x_wconf 83' lang='lat' dir='ltr'>congesta-tenens</span> <span class='ocrx_word' id='word_1_89' title='bbox 369 1560 478 1640; x_wconf 80' lang='lat' dir='ltr'>opibus</span> <span class='ocrx_word' id='word_1_90' title='bbox 491 1555 663 1621; x_wconf 80' lang='lat' dir='ltr'>diffluxerat</span> <span class='ocrx_word' id='word_1_91' title='bbox 676 1555 804 1638; x_wconf 79' lang='lat' dir='ltr'>amplis,</span> <span class='ocrx_word' id='word_1_92' title='bbox 817 1605 819 1609; x_wconf 89' lang='lat'>.</span> 
     </span>
     <span class='ocr_line' id='line_1_15' title="bbox 26 1653 743 1736; baseline -0.013 -15"><span class='ocrx_word' id='word_1_93' title='bbox 26 1661 122 1721; x_wconf 86' lang='lat' dir='ltr'>Arida</span> <span class='ocrx_word' id='word_1_94' title='bbox 135 1655 318 1719; x_wconf 86' lang='lat' dir='ltr'>sicllammis</span> <span class='ocrx_word' id='word_1_95' title='bbox 329 1653 500 1714; x_wconf 77' lang='lat' dir='ltr'>mendicant</span> <span class='ocrx_word' id='word_1_96' title='bbox 511 1663 629 1736; x_wconf 66' lang='lat' dir='ltr'>putere</span> <span class='ocrx_word' id='word_1_97' title='bbox 639 1663 743 1733; x_wconf 82' lang='lat' dir='ltr'>guttas.</span> 
     </span>
    </p>

    <p class='ocr_par' dir='ltr' id='par_1_5' title="bbox 30 1744 877 2760">
     <span class='ocr_line' id='line_1_16' title="bbox 73 1744 728 1833; baseline -0.014 -20"><span class='ocrx_word' id='word_1_98' title='bbox 73 1749 107 1813; x_wconf 95' lang='grc' dir='ltr'>Ο</span> <span class='ocrx_word' id='word_1_99' title='bbox 122 1762 230 1833; x_wconf 84' lang='lat' dir='ltr'>pater,</span> <span class='ocrx_word' id='word_1_100' title='bbox 245 1747 354 1810; x_wconf 87' lang='lat' dir='ltr'>electas</span> <span class='ocrx_word' id='word_1_101' title='bbox 366 1745 481 1809; x_wconf 86' lang='lat' dir='ltr'>animas</span> <span class='ocrx_word' id='word_1_102' title='bbox 495 1745 546 1825; x_wconf 88' lang='lat' dir='ltr'>qui</span> <span class='ocrx_word' id='word_1_103' title='bbox 557 1746 628 1808; x_wconf 86' lang='lat' dir='ltr'>sede</span> <span class='ocrx_word' id='word_1_104' title='bbox 640 1744 728 1820; x_wconf 82' lang='lat' dir='ltr'>beata</span> 
     </span>
     <span class='ocr_line' id='line_1_17' title="bbox 32 1837 770 1928; baseline -0.011 -22"><span class='ocrx_word' id='word_1_105' title='bbox 32 1843 182 1928; x_wconf 85' lang='lat' dir='ltr'>Colligis‚</span> <span class='ocrx_word' id='word_1_106' title='bbox 198 1855 227 1905; x_wconf 88' lang='lat' dir='ltr'>et</span> <span class='ocrx_word' id='word_1_107' title='bbox 237 1841 354 1904; x_wconf 90' lang='lat' dir='ltr'>meritis</span> <span class='ocrx_word' id='word_1_108' title='bbox 367 1839 519 1919; x_wconf 72' lang='lat' dir='ltr'>dispensas</span> <span class='ocrx_word' id='word_1_109' title='bbox 532 1837 770 1920; x_wconf 62' lang='lat' dir='ltr'>praeminetis,</span> 
     </span>
     <span class='ocr_line' id='line_1_18' title="bbox 30 1930 877 2019; baseline -0.018 -21"><span class='ocrx_word' id='word_1_110' title='bbox 30 1938 108 2000; x_wconf 83' lang='lat' dir='ltr'>llaec</span> <span class='ocrx_word' id='word_1_111' title='bbox 120 1956 176 2019; x_wconf 84' lang='lat' dir='ltr'>ego</span> <span class='ocrx_word' id='word_1_112' title='bbox 185 1953 249 2015; x_wconf 87' lang='lat' dir='ltr'>non</span> <span class='ocrx_word' id='word_1_113' title='bbox 261 1952 381 1994; x_wconf 88' lang='lat' dir='ltr'>mereor</span> <span class='ocrx_word' id='word_1_114' title='bbox 393 1955 400 1992; x_wconf 73' lang='grc' dir='ltr'><strong>ε</strong></span> <span class='ocrx_word' id='word_1_115' title='bbox 415 1932 468 1995; x_wconf 86' lang='lat' dir='ltr'>aed</span> <span class='ocrx_word' id='word_1_116' title='bbox 480 1930 585 1992; x_wconf 89' lang='lat' dir='ltr'>saltem</span> <span class='ocrx_word' id='word_1_117' title='bbox 600 1930 748 2008; x_wconf 88' lang='lat' dir='ltr'>deprecor</span> <span class='ocrx_word' id='word_1_118' title='bbox 763 1946 877 1999; x_wconf 84' lang='lat' dir='ltr'>unum,</span> 
     </span>
     <span class='ocr_line' id='line_1_19' title="bbox 31 2021 759 2105; baseline -0.018 -10"><span class='ocrx_word' id='word_1_119' title='bbox 31 2030 163 2094; x_wconf 64' lang='lat' dir='ltr'>lazarus</span> <span class='ocrx_word' id='word_1_120' title='bbox 173 2039 207 2090; x_wconf 89' lang='lat' dir='ltr'>ut</span> <span class='ocrx_word' id='word_1_121' title='bbox 217 2027 324 2091; x_wconf 77' lang='lat' dir='ltr'>missu</span> <span class='ocrx_word' id='word_1_122' title='bbox 336 2025 451 2099; x_wconf 86' lang='lat' dir='ltr'>veniat,</span> <span class='ocrx_word' id='word_1_123' title='bbox 466 2023 618 2105; x_wconf 77' lang='lat' dir='ltr'><strong>digitoque</strong></span> <span class='ocrx_word' id='word_1_124' title='bbox 629 2021 759 2090; x_wconf 81' lang='lat' dir='ltr'>levatum</span> 
     </span>
     <span class='ocr_line' id='line_1_20' title="bbox 34 2112 780 2188; baseline -0.023 -4"><span class='ocrx_word' id='word_1_125' title='bbox 34 2122 222 2184; x_wconf 75' lang='lat' dir='ltr'>Allerathue</span> <span class='ocrx_word' id='word_1_126' title='bbox 234 2119 327 2180; x_wconf 89' lang='lat' dir='ltr'>labris</span> <span class='ocrx_word' id='word_1_127' title='bbox 339 2117 512 2178; x_wconf 81' lang='lat' dir='ltr'>ardentibus</span> <span class='ocrx_word' id='word_1_128' title='bbox 524 2115 595 2172; x_wconf 88' lang='lat' dir='ltr'>inde</span> <span class='ocrx_word' id='word_1_129' title='bbox 606 2112 757 2188; x_wconf 84' lang='lat' dir='ltr'>liquorem</span> <span class='ocrx_word' id='word_1_130' title='bbox 769 2153 780 2184; x_wconf 84' lang='lat'><strong>‚</strong></span> 
     </span>
     <span class='ocr_line' id='line_1_21' title="bbox 34 2203 788 2296; baseline -0.016 -23"><span class='ocrx_word' id='word_1_131' title='bbox 34 2217 160 2296; x_wconf 80' lang='lat' dir='ltr'>Quique</span> <span class='ocrx_word' id='word_1_132' title='bbox 173 2212 352 2294; x_wconf 77' lang='lat' dir='ltr'>refrigerio,</span> <span class='ocrx_word' id='word_1_133' title='bbox 364 2210 390 2270; x_wconf 91' lang='lat' dir='ltr'>si</span> <span class='ocrx_word' id='word_1_134' title='bbox 402 2227 466 2268; x_wconf 92' lang='lat' dir='ltr'>non</span> <span class='ocrx_word' id='word_1_135' title='bbox 479 2203 648 2266; x_wconf 83' lang='lat' dir='ltr'>exstinxerit</span> <span class='ocrx_word' id='word_1_136' title='bbox 661 2222 788 2278; x_wconf 87' lang='lat' dir='ltr'>omues,</span> 
     </span>
     <span class='ocr_line' id='line_1_22' title="bbox 35 2297 754 2386; baseline -0.022 -17"><span class='ocrx_word' id='word_1_137' title='bbox 35 2310 84 2369; x_wconf 82' lang='lat' dir='ltr'>tle</span> <span class='ocrx_word' id='word_1_138' title='bbox 95 2321 216 2386; x_wconf 85' lang='lat' dir='ltr'>tempus</span> <span class='ocrx_word' id='word_1_139' title='bbox 229 2303 335 2366; x_wconf 88' lang='lat' dir='ltr'>saltem</span> <span class='ocrx_word' id='word_1_140' title='bbox 347 2313 446 2362; x_wconf 87' lang='lat' dir='ltr'>tantos</span> <span class='ocrx_word' id='word_1_141' title='bbox 459 2297 507 2362; x_wconf 86' lang='lat' dir='ltr'>vel</span> <span class='ocrx_word' id='word_1_142' title='bbox 522 2297 754 2378; x_wconf 74' lang='lat' dir='ltr'>mitigetaest&#39;us,¹</span> 
     </span>
     <span class='ocr_line' id='line_1_23' title="bbox 34 2388 768 2473; baseline -0.018 -11"><span class='ocrx_word' id='word_1_143' title='bbox 34 2401 147 2462; x_wconf 85' lang='lat' dir='ltr'>Donec</span> <span class='ocrx_word' id='word_1_144' title='bbox 159 2397 234 2458; x_wconf 84' lang='lat' dir='ltr'>sessa</span> <span class='ocrx_word' id='word_1_145' title='bbox 249 2394 333 2460; x_wconf 84' lang='lat' dir='ltr'>brevi</span> <span class='ocrx_word' id='word_1_146' title='bbox 346 2392 495 2473; x_wconf 85' lang='lat' dir='ltr'>respirent</span> <span class='ocrx_word' id='word_1_147' title='bbox 505 2389 644 2452; x_wconf 89' lang='lat' dir='ltr'>membra</span> <span class='ocrx_word' id='word_1_148' title='bbox 658 2388 768 2467; x_wconf 88' lang='lat' dir='ltr'>quiete.</span> 
     </span>
     <span class='ocr_line' id='line_1_24' title="bbox 36 2484 764 2570; baseline -0.015 -14"><span class='ocrx_word' id='word_1_149' title='bbox 36 2494 154 2558; x_wconf 81' lang='lat' dir='ltr'>Taliter</span> <span class='ocrx_word' id='word_1_150' title='bbox 165 2489 302 2553; x_wconf 78' lang='lat' dir='ltr'>immixto</span> <span class='ocrx_word' id='word_1_151' title='bbox 314 2485 455 2570; x_wconf 84' lang='lat' dir='ltr'>lacrymis</span> <span class='ocrx_word' id='word_1_152' title='bbox 468 2484 595 2554; x_wconf 82' lang='lat' dir='ltr'>stridore</span> <span class='ocrx_word' id='word_1_153' title='bbox 609 2495 764 2564; x_wconf 82' lang='lat' dir='ltr'>rogantem</span> 
     </span>
     <span class='ocr_line' id='line_1_25' title="bbox 37 2573 810 2670; baseline -0.017 -23"><span class='ocrx_word' id='word_1_154' title='bbox 37 2584 251 2670; x_wconf 79' lang='lat' dir='ltr'>Magnanimos</span> <span class='ocrx_word' id='word_1_155' title='bbox 264 2582 384 2642; x_wconf 80' lang='lat' dir='ltr'>tandem</span> <span class='ocrx_word' id='word_1_156' title='bbox 398 2575 561 2658; x_wconf 84' lang='lat' dir='ltr'>compellat</span> <span class='ocrx_word' id='word_1_157' title='bbox 574 2577 617 2638; x_wconf 89' lang='lat' dir='ltr'>sio</span> <span class='ocrx_word' id='word_1_158' title='bbox 630 2573 810 2656; x_wconf 79' lang='lat' dir='ltr'>patriarcha.</span> 
     </span>
     <span class='ocr_line' id='line_1_26' title="bbox 41 2670 743 2760; baseline -0.014 -20"><span class='ocrx_word' id='word_1_159' title='bbox 41 2680 157 2744; x_wconf 88' lang='lat' dir='ltr'>Desine</span> <span class='ocrx_word' id='word_1_160' title='bbox 169 2680 230 2760; x_wconf 82' lang='lat' dir='ltr'>jem</span> <span class='ocrx_word' id='word_1_161' title='bbox 246 2694 325 2738; x_wconf 84' lang='lat' dir='ltr'>seras</span> <span class='ocrx_word' id='word_1_162' title='bbox 338 2673 486 2740; x_wconf 83' lang='lat' dir='ltr'>incassum</span> <span class='ocrx_word' id='word_1_163' title='bbox 499 2670 624 2732; x_wconf 88' lang='lat' dir='ltr'>fundere</span> <span class='ocrx_word' id='word_1_164' title='bbox 637 2688 743 2754; x_wconf 83' lang='lat' dir='ltr'>voees,</span> 
     </span>
    </p>

    <p class='ocr_par' dir='ltr' id='par_1_6' title="bbox 40 2759 849 3232">
     <span class='ocr_line' id='line_1_27' title="bbox 41 2759 849 2846; baseline -0.019 -12"><span class='ocrx_word' id='word_1_165' title='bbox 41 2773 80 2834; x_wconf 86' lang='lat' dir='ltr'>Et</span> <span class='ocrx_word' id='word_1_166' title='bbox 92 2792 201 2836; x_wconf 82' lang='lat' dir='ltr'>vacuas</span> <span class='ocrx_word' id='word_1_167' title='bbox 213 2769 340 2834; x_wconf 77' lang='lat' dir='ltr'>miseere</span> <span class='ocrx_word' id='word_1_168' title='bbox 354 2785 477 2846; x_wconf 79' lang='lat' dir='ltr'>preces3</span> <span class='ocrx_word' id='word_1_169' title='bbox 492 2763 571 2832; x_wconf 86' lang='lat' dir='ltr'>haud</span> <span class='ocrx_word' id='word_1_170' title='bbox 587 2759 657 2820; x_wconf 86' lang='lat' dir='ltr'>talia</span> <span class='ocrx_word' id='word_1_171' title='bbox 670 2759 782 2821; x_wconf 87' lang='lat' dir='ltr'>dudum</span> <span class='ocrx_word' id='word_1_172' title='bbox 841 2825 849 2831; x_wconf 60' lang='grc'><em>,</em></span> 
     </span>
     <span class='ocr_line' id='line_1_28' title="bbox 40 2853 813 2939; baseline -0.021 -11"><span class='ocrx_word' id='word_1_173' title='bbox 40 2867 135 2931; x_wconf 85' lang='lat' dir='ltr'>Dieta</span> <span class='ocrx_word' id='word_1_174' title='bbox 147 2865 258 2939; x_wconf 82' lang='lat' dir='ltr'>dabas,</span> <span class='ocrx_word' id='word_1_175' title='bbox 274 2861 389 2925; x_wconf 84' lang='lat' dir='ltr'>loribus</span> <span class='ocrx_word' id='word_1_176' title='bbox 400 2877 469 2922; x_wconf 85' lang='lat' dir='ltr'>cum</span> <span class='ocrx_word' id='word_1_177' title='bbox 483 2869 511 2920; x_wconf 88' lang='lat' dir='ltr'>te</span> <span class='ocrx_word' id='word_1_178' title='bbox 523 2854 688 2936; x_wconf 87' lang='lat' dir='ltr'>prandente</span> <span class='ocrx_word' id='word_1_179' title='bbox 702 2853 813 2934; x_wconf 81' lang='lat' dir='ltr'>jaceret</span> 
     </span>
     <span class='ocr_line' id='line_1_29' title="bbox 44 2946 770 3045; baseline -0.019 -23"><span class='ocrx_word' id='word_1_180' title='bbox 44 2963 114 3045; x_wconf 89' lang='lat' dir='ltr'>lpse</span> <span class='ocrx_word' id='word_1_181' title='bbox 126 2962 263 3044; x_wconf 84' lang='lat' dir='ltr'>ignotus,</span> <span class='ocrx_word' id='word_1_182' title='bbox 278 2975 383 3038; x_wconf 80' lang='lat' dir='ltr'>egens,</span> <span class='ocrx_word' id='word_1_183' title='bbox 398 2971 493 3036; x_wconf 78' lang='lat' dir='ltr'>aeger,</span> <span class='ocrx_word' id='word_1_184' title='bbox 507 2951 643 3034; x_wconf 80' lang='lat' dir='ltr'>jejunus,</span> <span class='ocrx_word' id='word_1_185' title='bbox 658 2946 770 3019; x_wconf 83' lang='lat' dir='ltr'>inanis;</span> 
     </span>
     <span class='ocr_line' id='line_1_30' title="bbox 44 3052 829 3139; baseline -0.019 -22"><span class='ocrx_word' id='word_1_186' title='bbox 44 3055 126 3139; x_wconf 85' lang='lat' dir='ltr'>Cum</span> <span class='ocrx_word' id='word_1_187' title='bbox 137 3067 190 3114; x_wconf 90' lang='lat' dir='ltr'>tua</span> <span class='ocrx_word' id='word_1_188' title='bbox 200 3071 264 3112; x_wconf 92' lang='lat' dir='ltr'>uon</span> <span class='ocrx_word' id='word_1_189' title='bbox 274 3060 394 3130; x_wconf 84' lang='lat' dir='ltr'>caperet</span> <span class='ocrx_word' id='word_1_190' title='bbox 408 3058 563 3127; x_wconf 82' lang='lat' dir='ltr'>congestos</span> <span class='ocrx_word' id='word_1_191' title='bbox 577 3061 678 3102; x_wconf 88' lang='lat' dir='ltr'>mensa</span> <span class='ocrx_word' id='word_1_192' title='bbox 691 3052 829 3122; x_wconf 79' lang='lat' dir='ltr'>paratus,</span> 
     </span>
     <span class='ocr_line' id='line_1_31' title="bbox 45 3135 804 3232; baseline -0.016 -24"><span class='ocrx_word' id='word_1_193' title='bbox 45 3146 195 3232; x_wconf 87' lang='lat' dir='ltr'>Pauperis</span> <span class='ocrx_word' id='word_1_194' title='bbox 207 3157 294 3226; x_wconf 86' lang='lat' dir='ltr'>atque</span> <span class='ocrx_word' id='word_1_195' title='bbox 307 3154 373 3206; x_wconf 85' lang='lat' dir='ltr'>tuas</span> <span class='ocrx_word' id='word_1_196' title='bbox 384 3159 448 3208; x_wconf 88' lang='lat' dir='ltr'>uon</span> <span class='ocrx_word' id='word_1_197' title='bbox 461 3139 519 3202; x_wconf 86' lang='lat' dir='ltr'>iret</span> <span class='ocrx_word' id='word_1_198' title='bbox 530 3136 646 3204; x_wconf 83' lang='lat' dir='ltr'>clamor</span> <span class='ocrx_word' id='word_1_199' title='bbox 659 3135 695 3198; x_wconf 88' lang='lat' dir='ltr'>ad</span> <span class='ocrx_word' id='word_1_200' title='bbox 709 3151 804 3226; x_wconf 72' lang='lat' dir='ltr'>aures</span> 
     </span>
    </p>
   </div>
   <div class='ocr_carea' id='block_1_3' title="bbox 0 0 1092 3846">
    <p class='ocr_par' dir='ltr' id='par_1_7' title="bbox 0 0 1092 3846">
     <span class='ocr_line' id='line_1_32' title="bbox 0 0 1092 3846; baseline 0 0"><span class='ocrx_word' id='word_1_201' title='bbox 0 0 1092 3846; x_wconf 95' lang='lat' dir='ltr'> </span> 
     </span>
    </p>
   </div>
  </div>
 </body>
</html>
