2126 3848
268 281 739 391 ΕΙἸΕΙΒΙΑΜΙΜΑἸἈ.Ι
853 335 910 396 301

13 417 155 482 Excelso
168 420 227 482 nisi
241 444 306 502 quse
317 427 409 488 seruit
419 427 498 491 bene
510 431 626 494 subdita
640 435 720 518 regi,

69 512 164 576 Unde
178 529 221 578 est
232 516 307 618 secta
317 520 531 680 voleupifigtvup
540 526 610 589 inde
621 528 735 591 valens.

22 698 91 762 Per
102 704 231 765 verbum
243 707 436 789 ‘omnipotens
449 709 534 773 Deus
547 715 650 776 omnia
663 717 797 780 condidit
808 742 902 799 unus,

71 795 102 856 A
116 817 179 876 quo
193 811 298 860 nature
311 815 354 861 est
367 803 448 863 nulla
462 819 561 877 creatu
574 809 667 885 mali,
745 831 747 836 ’

20 888 71 950 Et
81 892 164 969 quod
173 912 235 953 non
245 893 315 957 fecit
326 895 408 958 dives
417 899 563 980 sapientia
574 903 660 966 verbi
672 949 681 982 ,

69 982 145 1043 Non
159 985 249 1048 habet
261 989 292 1048 in
302 1009 403 1050 rerum
415 993 588 1057 conditione
602 997 712 1060 iocum.

27 1075 125 1138 Nulla
135 1079 314 1168 igitur'vitiis
325 1082 497 1163 substantia,
510 1091 650 1172 nullaque
663 1095 723 1155 vita
735 1108 778 1155 est
791 1141 800 1171 ‚

73 1168 148 1250 Quae
161 1187 277 1257 vegetet
289 1197 411 1259 eorpus,
422 1183 640 1265 materiamque
652 1207 736 1247 suam
752 1231 761 1263 ,

32 1261 94 1326 Sed
106 1287 174 1328 urm
184 1267 308 1330 libertas
323 1272 446 1334 discedit
455 1276 493 1336 ab
506 1277 613 1337 ordine
632 1291 714 1340 recto
729 1324 738 1355 ,

71 1359 264 1423 Necservant
276 1367 435 1446 proprium
451 1414 460 1445 ‚
476 1391 542 1449 quae
551 1369 631 1432 bone
641 1387 728 1450 sunt,
741 1373 910 1454 modulum,

26 1453 65 1514 ln
80 1455 187 1537 culpa,
201 1469 230 1516 et
243 1457 316 1519 vitio
328 1472 371 1520 est
382 1482 471 1546 vagus
483 1463 515 1524 in
529 1467 680 1528 contraria
693 1481 793 1530 mutus
807 1513 816 1547 ,

69 1546 180 1628 Fitque
192 1551 307 1612 malum
320 1575 421 1616 rerem
436 1557 599 1620 deseruisse
611 1561 711 1637 viam,

27 1643 65 1704 ln
77 1665 169 1724 quam
181 1646 207 1706 si
219 1659 281 1708 toto
295 1662 439 1730 properet
447 1656 512 1731 quis
525 1655 616 1719 corte
631 1657 739 1718 reverti
751 1700 759 1734 ,

71 1737 183 1800 Nullus
193 1741 320 1824 neglecti
333 1740 437 1805 limitis
447 1766 531 1807 error
546 1750 603 1808 erit
619 1793 628 1824 ‚

26 1831 166 1916 Tutaque
179 1835 300 1897 debenti
314 1839 428 1918 peceati
442 1861 528 1920 poena
540 1842 669 1923 peribit,

69 1927 205 1991 Condita
219 1931 249 1989 in
261 1930 408 2014 integrum
422 1935 594 1996 restituente
607 1933 687 1995 Deo.

387 2023 554 2090 XCVII.
713 2095 715 2099 ,

30 2117 108 2179 Cum
122 2117 209 2179 Deus
226 2118 367 2181 effectum
380 2119 521 2200 precibus
533 2142 594 2180 non
608 2132 728 2202 praestat
741 2119 869 2198 iniquis,

70 2213 206 2275 Multum
218 2213 371 2289 coneedit,
385 2235 450 2292 quae
462 2213 599 2276 nocitura
612 2228 699 2299 negat
730 2253 734 2256 -
838 2215 840 2222 “

29 2309 173 2370 Errantes
182 2320 254 2370 voto
268 2325 329 2367 nou
342 2305 405 2368 vult
415 2307 587 2388 delinquere
602 2309 700 2386 sacto,

71 2403 166 2465 lretus
179 2401 306 2479 sineret,
320 2402 401 2481 quod
414 2401 556 2486 prohibet
566 2403 717 2486 piacidus3

33 2497 134 2561 Discat
145 2497 227 2579 felici
238 2496 363 2578 supplex
374 2497 502 2579 gaudere
514 2499 651 2580 repulsa,
922 2590 928 2600 ι

70 2592 260 2674 Incipiatque
274 2591 376 2651 animo
390 2589 522 2672 pellere,
537 2594 618 2672 quod
628 2590 742 2656 voluit:
834 2595 835 2600 ’

34 2685 271 2766 parcentemque
284 2683 386 2745 Deum
397 2699 498 2747 noscat
512 2686 586 2762 sibi,
600 2707 669 2748 cum
682 2685 812 2766 ruiturus

71 2779 145 2842 Nou
156 2779 309 2856 exaudiri,
322 2799 360 2840 ue
373 2791 490 2855 rueret,
504 2781 625 2839 meruit.

379 2869 563 2934 xcvtlt.

30 2967 51 3026 J
53 2969 187 3031 udicium
196 2967 379 3043 humanum,
394 2967 475 3046 quod
487 2966 550 3026 fatti
563 2987 642 3049 saepe
655 2987 774 3030 necesse
789 2979 849 3042 est,

69 3061 144 3125 Non
158 3082 282 3144 semper
294 3063 399 3144 recipit
414 3060 513 3144 regule
524 3061 659 3144 justitiae:
684 3065 687 3070 “
828 3130 832 3136 ,

32 3156 70 3216 tt
82 3156 215 3220 Domini
231 3156 260 3216 in
276 3157 388 3220 cunctis
400 3176 483 3237 nque
497 3169 558 3235 est,
571 3177 714 3237 veraxque
726 3167 874 3236 potestas,

723 3247 771 3310 26.
