2106 3846
119 362 177 425 23⁴2
382 371 739 431 nenost‘ttnt
915 387 1001 447 vap.

120 467 330 550 Oppeterent,
346 490 413 548 quae
426 489 489 529 uun
502 482 627 551 peccato
640 483 746 555 parta,
760 470 813 532 sed
826 469 893 552 ipso

117 560 295 623 Institueute
308 559 377 622 Deo
389 582 491 624 comes
503 575 580 625 esset
592 563 648 623 fixa
659 563 776 625 creatis.
834 635 838 640 ¹

118 651 299 738 Progeuitos
312 655 400 740 igitur
410 655 528 717 nullum
541 655 661 717 traxisse
676 669 792 718 reatum
842 675 849 682 ·

118 747 169 810 De
181 749 331 831 patribus,
345 770 444 829 neque
458 749 618 812 dissimiles
628 771 710 812 nuuc
723 750 841 812 nascier
854 749 910 810 illu

121 839 203 905 Ortu
216 843 406 924 primorum,
421 845 473 923 qui
486 844 623 905 libertate
637 842 716 904 male
728 842 773 904 usi

120 935 305 1012 Peccarunt‚
318 937 417 998 forma
430 937 520 999 nocui
530 958 594 997 non
604 938 720 999 semiue
732 937 822 1018 proli.
910 1007 915 1013 p

120 1028 215 1092 Posse
226 1043 327 1094 autem
338 1031 470 1093 insontes
483 1051 589 1092 omnes
602 1030 720 1092 virtutis
732 1031 764 1089 iu
776 1049 846 1104 arce

120 1121 228 1185 Vitam
238 1145 324 1208 agere
337 1169 347 1200 ‚
361 1137 390 1184 et
398 1125 493 1185 menti
506 1124 673 1206 ingenitum
684 1142 802 1184 servare
809 1123 960 1184 decorem
972 1143 980 1178 r

121 1219 261 1281 Arbitrio
275 1219 419 1298 quoniam
429 1212 568 1278 subsistat
581 1223 662 1278 recta
674 1209 802 1279 volentis

122 1311 279 1374 Naturalis
292 1304 405 1386 bonos,
420 1307 541 1389 Lexque
555 1309 643 1369 insita
657 1309 799 1370 cordibus
813 1309 897 1370 intus

125 1403 199 1467 Hoc
211 1401 336 1467 moneat
347 1405 430 1485 quod
442 1404 553 1484 scripta
566 1402 655 1463 soris:
667 1399 715 1464 cui
737 1401 849 1464 Gratia
863 1398 984 1464 Christi

18 1523 28 1540 ⁸
124 1498 254 1574 Addita,
266 1499 437 1580 perfugium
451 1497 542 1578 lapsis
552 1495 734 1579 generaliter
744 1497 818 1559 inse

128 1587 308 1653 Condiderit
321 1630 331 1666 ‚
346 1609 431 1651 sacro
445 1590 470 1650 si
479 1589 591 1651 vellent
600 1589 683 1650 sonte
696 1590 800 1652 novari
813 1613 821 1650 r
834 1587 837 1592 ’

125 1681 172 1744 Ut
184 1695 291 1763 sponte
305 1694 462 1743 attractum
472 1683 562 1744 venia
574 1682 708 1743 solvente
721 1686 860 1757 reatum,

127 1775 244 1860 Sponte
258 1796 309 1838 sua
321 1777 354 1837 in
366 1777 445 1837 vires
459 1776 599 1857 proprias
609 1789 714 1836 natura
728 1776 839 1837 rediret
854 1799 862 1836 :

127 1871 261 1952 Quoque
274 1891 330 1954 per
341 1890 458 1932 errores
470 1883 546 1931 esset
557 1868 684 1950 spoliata
696 1869 813 1953 vigore,

128 1965 222 2029 Hunc
234 1986 352 2028 serrare
365 1963 460 2027 semel
474 1976 574 2046 posset
586 1975 709 2046 purgata
721 1974 897 2043 receptum.

127 2059 206 2122 'Pam
219 2061 301 2125 dives
314 2080 385 2123 vero
396 2059 456 2120 boc
469 2059 583 2118 donum
594 2055 791 2137 Baptismatis
805 2077 870 2117 esse
883 2101 896 2131 ‚

127 2154 170 2217 Et
182 2166 243 2216 tam
257 2155 352 2216 multa
364 2153 482 2222 bomini
494 2151 626 2214 conferri
640 2150 752 2211 loedere
766 2151 799 2210 in
813 2149 897 2225 isto,

128 2247 174 2310 Ut
189 2249 289 2331 parvis
302 2247 394 2310 etiam
407 2240 540 2326 vitioque
554 2244 723 2307 carentibus
736 2244 821 2306 omni

131 2339 304 2425 Congrum,
316 2354 349 2401 ut
361 2342 413 2420 qni
426 2353 493 2401 sunt
502 2339 596 2425 geniti
608 2339 703 2414 benc,
720 2339 778 2404 sint
790 2337 959 2412 meliores,

128 2435 312 2513 Naturaeque
325 2434 443 2494 bonum·
452 2434 569 2516 adjectu
582 2431 746 2492 illustretur
758 2433 884 2494 bonore.

68 2577 76 2584 ,
129 2529 258 2591 Nullum
272 2539 372 2586 autem
386 2547 422 2588 ex
433 2527 547 2588 eunctis
558 2537 706 2589 exsortem
720 2525 853 2588 muueris
863 2525 961 2606 bujus

130 2623 254 2686 Judicio
266 2622 400 2708 genitum
414 2641 476 2682 esse
488 2619 550 2682 Dei
561 2664 570 2695 ‚
583 2621 635 2684 sed
649 2641 799 2701 quemque
811 2620 932 2682 mereri

130 2720 283 2782 Libertate
295 2737 363 2795 sua,
378 2729 410 2778 ut
422 2715 519 2798 capiat
531 2715 680 2796 promissa
693 2713 827 2776 vocantis

133 2814 211 2894 Quae
223 2816 282 2877 siut
292 2814 402 2876 aversis
413 2810 564 2884 indebita,
579 2808 680 2870 debita
694 2808 791 2870 rectis.

88 2981 91 2984 ¹
172 2907 260 2972 Talia
273 2928 342 2971 cum
355 2909 479 2967 demens
492 2904 549 2965 late
563 2902 745 2968 dissuaderet
759 2921 864 2977 error,

134 3001 385 3080 Commentisque
396 3001 483 3062 rudes
497 2998 627 3059 traheret
639 2994 798 3057 lethalibus
809 3013 896 3054 aures
909 3037 921 3068 ‚

133 3099 239 3162 Adluit
250 3097 421 3159 exhortante
434 3095 505 3155 Deo
519 3091 640 3173 provisa
653 3111 709 3175 per
721 3090 829 3150 orbem

136 3192 314 3258 Sanctorum
328 3191 379 3272 pia
391 3209 461 3254 cura
474 3186 618 3264 Petrum,
631 3207 695 3248 uon
707 3187 826 3270 dispare
838 3193 929 3244 motu
