2142 3858
4 282 148 367 ⁵:945.
273 294 528 351 utsrontn
562 297 650 350 u1u.
682 299 725 352 11.
871 288 930 349 385

4 385 63 447 De
83 385 243 446 tenebris
254 383 355 447 lucere
367 386 464 462 meis,
477 388 530 449 cui.
538 389 629 448 fontis
641 389 679 450 ab
691 390 778 452 undis

5 477 70 540 Est
82 477 205 540 visum
218 477 320 560 largita
330 477 421 553 fides,
438 492 467 539 et
480 481 587 540 mortis
600 481 699 564 imago

9 571 150 634 Vivere
166 571 263 652 coepit
277 571 377 650 aquis:
388 572 446 632 heu
458 594 611 652 nunquam
624 594 708 634 saxea
721 575 806 638 tellus

8 665 219 728 Seminibus
231 665 357 726 secunda
370 666 450 738 suis,
468 666 611 746 vacuique
621 667 739 728 labores

9 758 86 838 Qui
103 757 253 820 sterilem
264 757 416 838 patiuntur
427 759 554 820 humum
566 783 573 818 τ
586 771 655 840 post
667 760 796 839 denique
807 760 898 822 Jesus

14 850 105 913 Haec
122 849 208 910 mihi
221 849 299 910 visus
313 849 372 922 ait;
388 852 495 931 procul
506 852 561 914 hac
572 852 679 933 procul
694 853 767 912 urbe
784 849 886 916 relicta

11 942 168 1026 Pergere
185 939 277 1003 Paule
291 962 383 1023 para,
397 963 458 1005 non
471 945 582 1006 esttibi
595 944 716 1006 credula
729 947 825 1006 nostri

11 1036 44 1096 N
49 1036 204 1109 ominis,
218 1037 255 1096 ad
267 1049 369 1118 gentes
382 1037 482 1117 potius
492 1025 565 1099 'cane
579 1038 670 1099 verba
683 1037 794 1098 salutis.

15 1129 182 1190 Protinus
192 1127 268 1190 hanc
280 1149 386 1190 vocem
400 1129 530 1208 querulae
541 1150 667 1210 rapuere
680 1128 858 1211 phalanges,

17 1221 211 1303 Projieiunt
223 1233 335 1296 vestes,
348 1241 383 1282 ac
395 1221 518 1302 pulvere
532 1222 650 1303 longius
661 1233 729 1282 aeto
816 1283 821 1296 ¹
892 1209 895 1216 ⁴

17 1313 177 1375 Ventosa
190 1312 309 1374 levitate
321 1314 469 1390 fremunt,
483 1315 625 1392 varioque
639 1313 741 1374 surore

20 1405 188 1468 Personat
199 1406 232 1465 in
245 1403 330 1491 Pauli
342 1406 481 1487 rapidum
495 1405 669 1467 discrimine
680 1405 792 1488 vulgus.
890 1441 892 1448 ·

24 1498 60 1560 Ο
76 1498 105 1558 J
107 1499 197 1559 udaea
210 1517 321 1559 nocens
331 1511 485 1560 auctorem
491 1489 622 1580 perdere
635 1499 701 1560 vitae
837 1567 839 1576 y

29 1590 125 1654 Cum
139 1610 267 1671 cuperes
279 1590 322 1652 sic
336 1591 414 1652 dicta
427 1592 530 1652 dabas!
545 1591 601 1669 fuit
614 1591 698 1673 optio
712 1590 808 1670 linqui

29 1681 145 1764 Quem
159 1682 251 1744 velles
262 1683 394 1744 clamosa
407 1683 482 1759 tibi,
496 1685 548 1745 sed
560 1684 598 1744 ab
613 1704 665 1746 ore
679 1697 804 1746 cruento

28 1775 145 1836 Triste
158 1775 236 1856 petis
248 1775 417 1836 malesuada
428 1763 528 1852 usias,
542 1789 572 1837 et
583 1777 688 1860 gaudia
700 1777 816 1858 paschae

28 1870 151 1931 Eieeto
163 1867 279 1929 latrone
291 1869 384 1945 colis,
396 1869 586 1951 geminasque
599 1869 734 1928 furorem

31 1961 126 2023 Saeva
138 1961 191 2043 pio
205 1962 320 2043 placata
334 1980 406 2037 reo,
422 1962 584 2023 certamine
598 1972 706 2028 cuncto

31 2054 85 2115 Te
98 2054 232 2136 spolias,
247 2075 427 2132 vacuamque
439 2054 537 2128 locas,
552 2073 621 2114 cum
632 2050 738 2112 durior
752 2048 825 2130 ipsis
858 2081 860 2088 ι

34 2147 75 2208 ln
89 2145 278 2228 Stephanum
291 2159 441 2207 tormenta
452 2147 545 2228 jacis,
559 2143 687 2225 deponis
698 2142 846 2216 amictus,

37 2239 82 2300 Et
97 2261 181 2302 nunc
191 2253 269 2302 veste
282 2259 379 2312 cares,
397 2239 490 2320 primi
504 2238 576 2316 quia
587 2257 675 2318 poena
687 2235 822 2317 parentis

39 2330 98 2392 Est
107 2344 232 2414 cognata
245 2333 319 2406 tibi,
334 2331 500 2409 veterisque
512 2330 682 2410 incorpore
696 2340 800 2410 portas
889 2341 890 2352 ¹

39 2423 284 2507 Transgressoris
296 2444 392 2498 onus,
407 2422 558 2485 contraria
570 2422 660 2482 fontis
671 2420 781 2482 honori

43 2518 96 2580 Ne
106 2519 261 2578 renoveris
270 2517 361 2596 aquis.
376 2515 475 2576 Adam
488 2513 689 2588 suh'criminis
701 2527 769 2578 ortu

45 2607 200 2693 Cognovit
214 2611 294 2690 quod
309 2609 498 2684 incluserat,
509 2609 746 2688 documentaque
757 2625 839 2666 noxae

45 2701 130 2765 Hinc
143 2704 254 2764 misero
271 2715 392 2784 patuere
405 2723 466 2777 suas
477 2725 483 2762 :
498 2715 526 2764 te
539 2703 646 2763 mortis
657 2703 742 2784 origo

45 2791 165 2858 Crebra
178 2797 275 2872 subit,
289 2797 336 2858 cui
350 2795 440 2876 plena
453 2795 539 2856 malis
553 2795 702 2856 interserit
714 2794 760 2851 ira

43 2885 99 2950 Bis
109 2891 245 2952 habitum
260 2911 349 2969 quem
364 2889 451 2969 culpa
464 2902 563 2970 creat:
577 2891 638 2968 jam
649 2886 729 2949 bella
743 2882 879 2944 tribunus

43 2977 182 3044 Vocibus
194 2984 239 3043 his
251 2985 356 3044 ardere
369 2982 491 3056 videns,
506 2982 569 3043 fera
583 2980 700 3043 vincula
714 2975 812 3039 Paulo

44 3072 190 3156 Addidit,
205 3089 235 3138 et
249 3078 349 3139 castris
360 3076 561 3160 torquendum
573 3075 654 3136 misit
668 3072 777 3152 iniquis
789 3091 797 3140 ;

741 3163 790 3222 33.
