2198 3844
154 323 194 386 ‘⁷²
404 311 552 366 enuit
582 312 788 369 snnu-trt
922 307 1045 392 v-34n

151 403 284 468 lllentita
297 417 339 466 est
350 425 406 468 vox
417 423 493 467 vana
503 403 577 476 sibi;
592 419 693 468 tamen
704 409 758 468 isla
766 409 890 493 figuram

153 499 216 559 Res
229 501 318 560 babet
331 499 478 582 egregiam
493 522 499 558 :
512 497 534 557 J
537 501 625 560 udaeis
641 515 755 563 constat
766 506 965 586 ademptum,

154 591 257 671 Quem
268 615 322 656 nos
334 596 443 656 devoto
455 607 741 675 portamuspectore
759 596 924 658 Christum.

195 689 306 773 Plange
319 692 486 752 sacerdotes
498 687 665 770 perituros,
679 689 786 772 plange
800 691 978 770 ministros,

153 781 195 843 Et
205 784 373 866 populum,
389 783 513 860 Judaea,
530 797 615 843 tunm
628 803 685 863 pro
699 783 806 845 talibus
816 785 904 845 ausis.
1092 845 1093 859 g

152 875 185 938 N
189 899 229 938 on
241 878 328 952 tuba,
343 897 405 940 non
417 874 554 952 Unctus,
566 879 697 957 nonjarn
707 891 757 938 tua
768 879 890 940 victima
898 891 988 960 grata
997 893 1047 942 est

154 970 303 1050 Quoenam
318 970 396 1032 bella
409 970 588 1054 tibi-clanget
599 972 687 1045 tuba,
702 992 771 1053 rege
784 974 971 1052 perempto?

154 1059 234 1142 Quis
246 1078 312 1125 tuus
329 1063 443 1126 Unctus
454 1065 528 1139 erit,
544 1086 608 1142 quae
621 1085 725 1124 verum
736 1065 874 1124 amiseris
887 1063 1049 1128 Unctumi
1092 1109 1093 1138 r

152 1155 287 1219 Victima
300 1180 364 1237 quae
378 1159 514 1233 dabitur,
529 1180 597 1220 cnm
611 1159 731 1220 victima
746 1171 849 1239 pastor
860 1159 995 1231 hahetur
1007 1163 1030 1223 ,9²
1092 1227 1093 1236 χ

152 1247 297 1312 Discedat
309 1271 473 1335 synagoga,
487 1273 541 1312 suo
553 1252 664 1328 luscata
673 1252 795 1325 colore,

153 1343 327 1412 Ecclesiain¹
335 1344 470 1409 Christus
479 1347 604 1426 pulchro
616 1347 673 1406 sibi
684 1347 777 1427 junxit
788 1365 912 1422 amore,

154 1436 232 1499 Haec
243 1450 286 1502 est
298 1439 460 1518 conspicuo
476 1440 635 1500 rudinnsin
647 1437 900 1500 honorelllariae:

154 1533 234 1610 Quae
246 1553 314 1598 cum
329 1532 459 1602 clarifico
471 1554 592 1614 semper
604 1535 642 1593 sit
654 1534 787 1593 nomine-
793 1547 908 1608 mater,

156 1623 382 1708 Sempervirgo
397 1641 510 1700 manet3
524 1629 610 1710 hujus
624 1628 888 1690 serisibusastans
1092 1671 1093 1703 ᾗ

152 1717 235 1781 Luce
250 1720 353 1800 palam
361 1720 513 1784 Dominus
526 1723 608 1804 prius
622 1721 748 1796 obtulit,
763 1733 794 1781 ut
808 1723 887 1782 bona
898 1733 1027 1801 mater,
1092 1763 1093 1796 r

86 1893 87 1900 ἵ
155 1811 291 1874 Grandia
303 1814 453 1897 divulgans
466 1814 627 1887 miracula,
642 1836 707 1893 quae
719 1815 774 1874 lbit
788 1814 869 1874 olim

154 1907 351 1976 Advenientis
364 1909 437 1982 iter,
450 1909 513 1970 haec
524 1909 561 1968 sit
574 1910 725 1968 redeuntis
737 1910 875 1969 etindex.

195 1999 270 2061 Mox
284 2001 349 2061 aliis
361 2002 485 2063 convica
497 2015 604 2082 potens
616 2002 647 2060 iu
661 2002 915 2084 fragminepauiu
1088 1992 1089 2016 l

152 2095 280 2180 'Agnitus
294 2095 418 2170 enituit,
433 2096 483 2175 qui
492 2115 578 2156 verus
590 2095 675 2176 panis
683 2097 793 2175 apertis
1087 2099 1093 2189 l

156 2186 291 2270 Semper
299 2191 381 2250 adest
395 2189 592 2262 scultenam·
603 2189 775 2270 quusgratia
784 2188 888 2250 claros·
1087 2198 1093 2301 l

156 2279 319 2355 Enetum
332 2281 501 2341 Dominum
515 2283 664 2343 uiuentem
678 2301 801 2342 cernere
814 2282 938 2362 possint

157 2372 245 2454 Saepe
257 2375 364 2439 debinc
377 2374 518 2454 proprios
528 2374 637 2435 diuersi
651 2375 795 2454 temporis
808 2375 890 2436 boris

155 2465 516 2547 Discipulos,manilestus
529 2460 607 2542 adit,
620 2467 805 2528 vescentibus
816 2467 894 2542 illis,
1086 2308 1093 2591 l

155 2559 409 2641 Extemplouunc
421 2579 473 2620 ora
486 2559 602 2634 serens,
616 2560 800 2640 nuucpiseis
811 2560 928 2637 obusti,

155 2654 256 2733 Atque
270 2655 328 2715 favi
350 2655 494 2718 mandens
507 2653 627 2734 epulas,
643 2672 702 2733 quo
714 2653 770 2720 rite
781 2655 923 2730 duceret,

159 2745 333 2829 Corporeas
345 2769 467 2812 resesse
479 2749 570 2828 dapes
579 2767 725 2826 ‚seseque
737 2746 833 2807 videri

156 2840 194 2901 ln
207 2843 367 2916 membris,
382 2843 489 2921 quibus
501 2853 569 2900 ante
583 2839 646 2900 tuit
661 2839 841 2900 Formidine
853 2855 958 2898 rursus

158 2932 262 2996 Plebis
275 2935 462 3015 apostaticae,
477 2933 724 3012 Dominumqnae
738 2951 814 2992 caeca
826 2942 961 3014 negasset
971 2973 989 3008 ,,

160 3024 242 3089 Cum
256 3027 370 3089 loribus
383 3026 489 3089 clausis
502 3027 645 3088 resideret
657 3024 744 3085 turba
757 3022 873 3099 fidelis,

161 3118 241 3182 Pace
254 3121 405 3188 salutantis
417 3140 481 3184 sese
492 3119 591 3186 intulit
602 3162 613 3193 ,
624 3131 714 3197 atque
725 3117 841 3178 foratas.

162 3211 332 3298 Expediens
343 3213 476 3300 palmas,
490 3213 582 3284 nudat
594 3210 669 3276 latus
684 3233 690 3270 :
703 3209 801 3278 astibi
809 3206 965 3286 Thomas„
