2172 3862
149 337 213 414 484
309 337 312 342 ’
402 325 753 424 'nnuconrtr
935 343 1045 420 nfitt.

150 444 224 505 Jam
236 441 309 526 tegit
319 463 385 504 ossa
397 444 492 520 cutis,
507 445 618 504 multos
632 429 758 508 distenta
772 465 830 527 per
842 460 942 522 artus;

151 536 302 614 Quaerunt
314 536 391 598 colla
404 550 509 617 caput,
526 536 703 620 constribgit
714 552 831 620 guttura
843 544 968 622 cervix,

151 627 286 692 Verticis
299 629 401 690 eximii
413 630 569 710 replentur
582 643 611 690 et
626 651 691 691 ossa
704 631 833 706 cerebro
850 657 857 694 ε

148 720 226 782 lude
240 724 328 784 duces
341 723 420 783 oculi
432 736 583 806 gemmato
596 723 711 784 lumine
725 725 863 800 vibrant,

149 813 190 876 Et
205 816 351 898 palpebra
365 829 465 899 tegunt
478 816 579 892 luces,
596 819 801 898 mundantque
812 818 979 886 fenestras:
1082 817 1083 838 ³

151 907 248 970 Stena
261 909 458 989 capillorum,
476 909 604 969 fundens
617 929 634 969 a
647 910 903 974 fronte'coronam
912 915 938 988 ,'

115 1055 116 1060 ,
148 999 304 1083 Tempus,
319 1015 348 1062 et
362 1021 453 1062 omne
466 1014 558 1082 caput
572 1003 658 1062 vestit
674 1003 711 1063 de
729 1004 812 1065 crine
822 1007 986 1081 decorum,

149 1095 248 1177 Atque
262 1093 455 1176 supercilium
470 1096 593 1177 gemino
607 1096 813 1176 supereminet
827 1097 906 1158 orbi.

150 1189 286 1250 Naribus
299 1188 432 1251 abductis
447 1187 556 1268 duplex
569 1189 636 1248 data
648 1189 756 1248 semita
777 1202 888 1264 vento,

150 1279 191 1342 Et
204 1283 330 1364 gemines
347 1275 482 1342 rubuere
497 1303 600 1363 genae,
624 1281 762 1364 lanugine
773 1281 861 1342 malae

152 1373 335 1455 Crispantur
352 1375 508 1436 revirentis
520 1371 614 1436 adhuc
628 1386 696 1454 post
711 1393 776 1434 ossa
787 1387 914 1438 senectae

150 1463 274 1528 Mortua
288 1469 475 1550 temporibus
491 1457 608 1540 multis,
632 1467 767 1546 olimque
779 1469 906 1549 sepulta.
937 1538 941 1546 ἱ

151 1557 273 1619 Ordine
290 1575 441 1622 muratum
455 1563 559 1620 dentes
573 1560 692 1620 cinxere
706 1560 859 1640 palatum,

149 1647 195 1711 Ut
208 1654 286 1715 bene
300 1656 390 1714 verba
403 1667 529 1729 sonent,
553 1654 625 1734 ipsis
639 1653 880 1727 modulantibus,
894 1673 973 1719 orae

149 1743 374 1828 ¹Obsessamque
388 1749 511 1807 domant
526 1749 645 1806 densata
657 1745 797 1828 repagula
811 1745 968 1830 linguam,

151 1841 191 1903 Et
202 1857 321 1904 sontem
335 1842 455 1903 lactura
465 1841 553 1917 latet,
568 1839 760 1900 sermonibus
776 1841 837 1900 oris

151 1935 303 2018 interpres
318 1937 442 2011 mentis,
458 1935 564 1999 secreti
585 1933 719 2014 pectoris
733 1934 839 2008 index,

150 2029 249 2107 Atque
263 2029 420 2090 voluntatis
432 2028 544 2103 tacitae,
561 2027 608 2115 vel
621 2027 719 2087 cordis
731 2025 829 2108 imago

151 2119 289 2181 Verbere
304 2121 454 2182 distinctas
468 2117 578 2202 spargit
594 2138 648 2199 per
661 2137 815 2179 murmura
830 2137 941 2193 voces,

52 2231 55 2282 ;
153 2212 260 2273 Omne
274 2213 375 2290 nefas,
391 2227 477 2294 atque
492 2213 708 2287 omnebonum
719 2211 832 2272 dictura
844 2209 1005 2290 loquendo
1019 2235 1028 2282 ;

151 2306 303 2367 Dentibus
320 2308 467 2366 adduntur
482 2303 744 2372 rubicundo‘labra
756 2301 885 2364 llabello.

152 2401 306 2462 Accedunt
319 2399 451 2460 humeris
466 2418 619 2458 remorum
635 2416 720 2458 more
736 2395 860 2470 lacerti,

43 2553 51 2566 ,
152 2495 284 2558 Brachia
300 2489 478 2576 junguntur,
495 2491 561 2554 vola
574 2491 722 2564 nascitur,
739 2503 767 2550 et
781 2486 887 2550 manns
900 2489 1018 2548 omnis

99 2579 104 2590 ’
153 2588 313 2672 Unguibus
333 2597 488 2646 armantur
501 2585 583 2667 digiti
598 2585 652 2644 sub
663 2585 781 2664 dispare
795 2584 912 2655 forma,

153 2681 263 2746 Curvis
277 2682 362 2762 spina
374 2679 447 2738 latus
463 2678 676 2759 complectitur
698 2697 802 2758 aspera
816 2677 925 2747 costis,
950 2681 953 2693 '

153 2777 280 2839 Pectora
292 2773 605 2857 circumstantlcrates,
619 2770 779 2854 ,jugulique
793 2769 934 2851 ligantur.

155 2870 272 2932 Caetera
289 2869 496 2930 membrorum
510 2865 601 2926 currit
616 2882 751 2949 propago
765 2881 820 2943 per
834 2869 935 2934 artus,

152 2961 289 3036 Usibus,
305 2961 412 3022 officiis
425 2949 564 3040 aptantur
578 2969 683 3018 cuncta
698 2955 852 3028 ministra,

153 3055 320 3117 AEdilicant
331 3055 488 3114 bominem
502 3052 596 3136 lungae
609 3043 891 3134 fragmenta‘ruinae.

152 3145 231 3205 Ante
244 3159 361 3221 tamen,
374 3169 467 3223 quam
483 3146 619 3207 membra
634 3137 733 3204 'forent
746 3155 890 3226 compage
904 3137 998 3224 ligata
1011 3184 1021 3214 ‚
