2102 3846
24 319 114 403 ndly.
194 326 477 384 POEMATUM
506 324 597 382 Llll.
630 331 676 384 11.
829 315 884 401 137

24 426 157 506 Quenon
169 422 304 486 exstinxit
311 421 460 483 *terentia
470 423 599 487 trintina
609 423 703 486 fletus.

24 519 75 600 lpse
85 520 114 578 in
127 531 288 600 perpetuas
301 514 433 576 solvetur
444 529 524 578 terra
537 517 667 592 favillas,
774 551 777 558 ·

24 611 83 690 Quae
94 613 175 674 vivos
188 611 307 674 cineres
316 622 345 670 et
358 621 426 689 post
439 610 580 672 incendis
592 632 729 688 servans,
760 686 764 692 ,

24 703 113 783 Sicqne
122 704 223 766 solum
232 704 361 786 fingens,
376 701 482 764 leviter
495 705 521 764 si
535 705 615 767 culce
624 719 752 780 teretur,
811 725 816 732 ·

24 797 220 860 Adminimum
235 796 350 880 fugiens
364 797 495 858 discedet
508 798 620 879 pallida
629 811 749 860 tantum.

24 889 62 949 l'u
71 912 139 954 nunc
150 892 255 970 linque
266 891 410 968 domum,
425 891 575 970 perituras
585 893 688 953 desere
698 904 794 958 terres

24 982 103 1044 Etrea
114 1007 182 1047 cum
196 984 294 1066 dignis
303 983 536 1046 subsidunt‘erve
551 985 677 1048 colonis.
758 1033 763 1038 .

24 1075 73 1138 Nec
84 1091 138 1138 tete
146 1078 329 1159 impendens
341 1076 455 1137 lethum
469 1079 655 1160 'conjunxerit
663 1078 739 1153 illis,

24 1167 80 1229 Nun
92 1173 180 1252 junxit
194 1190 270 1250 quus
283 1170 352 1229 vite.
366 1167 438 1230 Tibi
452 1170 557 1230 solatia
571 1174 700 1252 cunjunx

24 1257 150 1337 Praebeat;
165 1264 223 1325 bac
235 1275 350 1322 tantum
363 1263 616 1326 sociacontentus
629 1264 721 1322 abito.

24 1353 299 1440 bucelerate‘lngam
314 1359 451 1415 tendatur
462 1355 580 1415 tramite
589 1367 689 1430 rectu,
746 1395 748 1400 ,

24 1446 80 1510 Neu
89 1451 296 1512 subvertendas
307 1449 464 1527 quisquam
473 1448 636 1529 respexerit
649 1448 747 1510 urbes.

24 1535 74 1600 llus
82 1544 185 1604 nescite
202 1532 338 1613 malum}
351 1561 455 1623 poenas
468 1542 638 1620 quicunque
647 1541 778 1618 subibit,

27 1631 152 1714 Aspida,
164 1635 331 1716 mortisque
344 1655 402 1694 suec
414 1634 584 1716 spectacula
596 1655 698 1696 secum

25 1721 74 1802 Qui
82 1749 210 1792 meruere
220 1759 231 1804 t
240 1729 350 1788 lerunt.
367 1726 627 1788 Salrandisterror
640 1726 754 1788 abesto.

26 1813 84 1880 llaec
95 1835 188 1901 pater:
202 1833 247 1882 ast
259 1820 304 1880 illi
317 1833 482 1902 properant
493 1821 651 1883 abscedere
665 1833 764 1894 terra,

26 1905 196 1994 inciduntque
209 1933 327 1989 murus,
342 1914 531 1993 crudeliaque
543 1935 613 1977 arva
627 1913 810 1992 relinquunt.

60 2001 181 2086 Ceperat
192 2008 305 2070 obduci
315 2008 429 2068 vietum
440 2007 565 2090 caligine
579 2008 670 2068 densa
685 2049 694 2079 ,

27 2089 200 2181 Atqueignutu
213 2101 297 2182 prius
310 2100 468 2162 demittere
478 2110 636 2159 murmura
648 2095 768 2156 eoelum.

30 2182 120 2251 Nectit
132 2206 160 2252 ut
171 2193 287 2252 tonitru
301 2193 408 2252 crebro
418 2211 488 2252 cum
502 2190 632 2270 percitus
642 2188 735 2248 aether

30 2273 138 2344 Ostentet
149 2284 265 2364 pavidis
277 2283 400 2345 innoxie
411 2282 538 2364 lulruinu
551 2281 640 2342 terris
652 2305 659 2342 :

32 2364 75 2429 Sed
82 2395 188 2453 prorsus
199 2375 289 2437 finale
301 2375 415 2437 malum
428 2376 556 2438 stridore
570 2369 683 2438 miitaci

31 2459 96 2526 'letru
106 2491 155 2550 per
167 2470 266 2532 wios
274 2470 433 2534 mittebant
441 2470 523 2552 signa
534 2469 686 2531 tumultus.

31 2551 290 2626 Tendebantmuniti
297 2564 389 2628 simul
399 2577 455 2640 ,et
467 2565 605 2628 mandatu
618 2573 755 2624 tenentes
806 2591 818 2620 ·.

35 2644 185 2720 Concessum
195 2658 284 2728 rectis
293 2659 334 2722 ‚ad
347 2659 448 2719 sedern
459 2658 588 2720 vultibus
601 2655 693 2716 ibent.
741 2711 743 2726 ,

35 2735 137 2811 Callidus
148 2753 207 2812 alta
219 2764 325 2833 petens
337 2753 390 2812 scd
401 2737 452 2830 qui
462 2752 648 2816 subverterat
661 2745 757 2807 Evam
835 2777 838 2788 ι

32 2829 150 2919 Serpens,
161 2846 325 2907 femineum
338 2856 623 2924 eonsuetuuztungere
633 2852 791 2914 utentem',

34 2921 76 2989 llic
86 2954 190 3018 quoque
204 2940 369 3000 formidans
377 2938 513 3000 enimuru
527 2949 640 2998 tentare
654 2933 791 3017 virilem,

35 3014 144 3112 Coniugis
155 3033 280 3116 inspirat
291 3033 389 3109 votis,
403 3044 435 3098 ut
445 3035 532 3094 nosse
542 3030 642 3093 ruinas

35 3107 123 3198 Vellet,
135 3139 163 3186 et
174 3147 273 3188 erasus
287 3127 349 3189 uisu
363 3125 549 3208 deprendere
561 3123 666 3186 cledest
