2126 3848
122 315 185 380 306
357 325 410 381 o.
445 288 735 385 prossus-1

125 423 246 505 Quibus
257 441 407 506 occupare
416 437 517 506 captas
528 423 647 484 animas
659 422 714 484 fuit
727 419 878 484 voluntas.
1057 427 1058 506 i

125 608 190 690 Qui
203 622 325 672 eentum
338 612 489 690 qnondam
503 624 615 672 terram
631 609 764 672 vertebat
777 608 888 668 aratris

167 700 358 780 Abundat
369 704 505 787 geminos
516 705 610 786 possit
622 703 732 764 babere
745 702 842 763 bores
1057 733 1058 808 q

127 795 241 859 Ventus
252 797 422 881 magnificas
434 799 584 879 carpentis
596 818 676 879 saepe
687 815 743 878 per
753 795 866 871 urbes,

171 889 236 950 Rus
248 911 374 952 vacuum
387 891 557 975 fessisaeger
567 889 629 951 adit
639 889 787 971 pedibus:
833 921 837 926 ·
1057 885 1058 960 i

129 983 184 1045 llle
196 985 301 1046 decem
313 983 399 1046 celsis
408 983 525 1046 sulcans
536 985 631 1045 maria
644 984 702 1043 aba
712 981 843 1053 earini-s,
1057 975 1058 992 ¹

171 1077 264 1140 Nunc
274 1078 409 1138 lembum
422 1079 559 1162 exiguum
571 1077 701 1152 scandit,
717 1075 824 1155 etipse
836 1076 929 1158 regit.

131 1171 163 1234 N
166 1191 205 1233 on
218 1172 299 1234 idem
312 1185 401 1234 statos
412 1184 455 1234 est
467 1173 561 1255 agris,
573 1191 636 1232 non
647 1167 771 1232 urbibus
783 1167 877 1242 ullis,

175 1261 349 1347 Omniaque
363 1266 500 1332 infinem
512 1265 697 1347 praecipitata
709 1274 819 1334 ruunt3

132 1356 246 1436 Ferro,
260 1373 363 1442 peste,
373 1361 470 1437 same,
483 1361 608 1436 vinclis,
620 1359 739 1442 algore,
754 1356 879 1431 calore,

175 1452 265 1516 Mille
277 1453 377 1518 modis
386 1456 516 1518 miseros
530 1474 612 1516 mors
625 1453 704 1534 rapit
715 1471 774 1514 una
784 1449 953 1519 homines:

134 1541 279 1626 Undique
291 1548 373 1609 bella
385 1550 534 1624 fremunt,
547 1548 647 1609 omnis
658 1547 743 1607 furor
753 1546 871 1607 haesitat
884 1545 1001 1620 armis,
1057 1559 1058 1622 Ῑ

176 1639 359 1716 Incumbunt
370 1663 454 1726 reges
466 1642 584 1726 regibus
597 1639 782 1712 innumeris;
1057 1635 1058 1648 ¹

135 1733 236 1815 Impia
249 1735 374 1797 confuso
386 1737 468 1800 saevit
481 1737 631 1799 discordia
641 1736 773 1808 mundo,

178 1823 241 1889 Pax
254 1829 329 1890 abiit
338 1830 446 1908 terris,
461 1830 569 1892 ultima
581 1850 704 1910 quaeque
715 1829 816 1889 rides:

121 1983 123 1988 ,
136 1918 212 1982 Etsi
226 1924 366 1987 concluso
381 1935 568 2006 superessent
581 1935 722 2006 tempora
733 1921 835 1998 seclo,

177 2013 224 2076 Ut
236 2031 336 2094 posset
348 2018 454 2094 longos
466 2021 595 2080 mundns
605 2019 718 2075 babere
730 2017 815 2090 dies‚'

139 2103 207 2166 Nos
220 2119 470 2169 tameuoccasum
483 2118 620 2166 nostrum
633 2106 792 2169 observare
804 2107 950 2182 deceret,

181 2199 220 2260 Et
232 2201 324 2261 finem
337 2202 404 2262 vitae
416 2219 566 2280 quemque
577 2200 680 2261 ridere
693 2221 762 2260 suae.

139 2291 221 2353 Nam
234 2293 308 2352 mibi
318 2295 391 2373 quid
405 2295 547 2374 prodest,
561 2311 652 2373 quam
665 2293 756 2376 longo
767 2291 899 2354 flumina
912 2313 1005 2356 mrsu

182 2383 312 2466 Semper
322 2387 354 2444 in
368 2387 512 2446 exhaustis
524 2407 622 2467 prona
633 2387 769 2447 feruntur
780 2387 879 2467 aquis,

141 2477 425 2558 Multaqueannosae
436 2480 572 2540 vicerunt
583 2479 793 2555 seculasiliae,
812 2480 817 2486 '

183 2570 336 2652 Quodque
349 2571 408 2632 suis
422 2573 529 2633 durant
539 2573 634 2637 florea
647 2595 716 2636 rura
725 2573 818 2636 locis:

141 2665 200 2728 ista
213 2681 352 2742 manent,
367 2668 462 2728 nostri
475 2657 527 2729 sed
541 2690 604 2731 non
617 2677 753 2732 mansere
767 2681 931 2750 parentes,

183 2759 289 2847 Exigni
302 2765 392 2825 vitam
407 2763 553 2845 temporis
564 2764 674 2847 hospes
686 2785 750 2848 ago.

145 2853 220 2916 Non
232 2877 302 2940 ergo
310 2856 363 2918 'bic
376 2879 478 2918 sumus
490 2878 547 2921 nec
560 2860 724 2938 quidquam
737 2856 770 2917 in
784 2855 884 2918 secula
895 2859 974 2922 nati
1057 2887 1058 2896 ³

186 2947 264 3028 Quae
277 2955 403 3031 pereunt
415 2952 523 3027 nobis,
537 2965 566 3014 et
579 2953 687 3032 quibus
700 2950 884 3024 occidimus;

146 3039 208 3103 Sed
221 3043 312 3106 vitam
325 3057 467 3105 aeternam
481 3047 541 3107 vila
552 3065 725 3107 mereamur
735 3044 767 3104 in
781 3045 853 3121 ista,

109 3191 113 3204 ,
186 3134 232 3196 Ut
243 3138 347 3199 subeat
360 3139 477 3220 requies
489 3139 576 3222 longa
586 3139 691 3202 labore
703 3138 801 3202 brerir
