2102 3846
18 347 155 409 f.227.¹
207 335 479 390 posueruu
508 321 590 393 usn.
621 339 677 394 rr.
847 334 904 399 163

18 433 189 515 lmprecor,
206 433 335 516 utpulso
349 426 449 518 capias
461 457 529 498 mea
542 439 621 502 dicta
632 459 754 521 pavore.

18 528 90 591 llaec
101 529 226 589 mandat
234 549 369 590 summus
381 543 469 592 terrac
481 532 638 616 pelagique
652 548 778 598 creator.

18 623 166 706 Insperata
179 624 302 704 quidem
310 625 426 687 cunctis
437 628 584 687 sententia
597 628 670 690 lethi

18 717 175 788 lmmiuet3
189 717 267 780 banc
279 717 360 778 solus
371 719 424 779 sed
435 719 487 798 qui
500 720 626 782 transire
638 724 781 800 mereris,

18 808 57 870 Et
66 811 202 892 prescire
211 823 308 892 potes.
320 809 405 873 Nam
417 824 448 894 te
462 813 573 876 calcata
586 815 722 897 voluptas

18 902 204 984 Jampridem
216 916 333 967 rectum
343 917 408 967 toto
423 905 562 969 discrevit
572 909 610 969 ab
624 911 709 972 orbe.

18 997 112 1062 Unica
124 1001 179 1062 sed
191 999 335 1079 quoniam
348 1019 465 1086 saevum
476 1000 629 1082 depellere
638 1003 753 1066 lethum

17 1090 83 1154 Vita
95 1093 148 1154 tibi
160 1093 292 1176 poterit,
305 1096 542 1156 tautosevadere
556 1114 641 1157 casus

20 1185 153 1264 Qualiter
167 1186 295 1268 incipias
304 1187 412 1269 paucis*
421 1209 456 1249 ex
467 1189 575 1249 ordine
590 1189 688 1249 fabor.
793 1187 797 1194 “

17 1277 99 1340 Finis
111 1281 170 1341 erit
182 1300 285 1341 rerum
295 1325 305 1357 ,
316 1280 471 1363 permissis
484 1283 616 1360 undique
628 1281 777 1366 lymphis,

17 1373 110 1454 Atque
123 1374 252 1436 relaxata
263 1374 426 1436 vastabitur
435 1375 518 1435 orbis
539 1375 656 1458 abysso.

17 1466 104 1531 Nunc
114 1487 191 1552 age,
204 1468 350 1550 congestis
360 1480 472 1530 crescat
484 1467 649 1529 fortissima
658 1468 747 1553 lignis

17 1559 178 1636 Machina,
192 1583 258 1640 quae
268 1580 391 1642 surgens
400 1559 506 1622 fluctus
516 1576 705 1642 superenatet
720 1585 835 1628 omnes.

19 1655 198 1717 Tercentum
209 1654 326 1716 cubitos
333 1674 389 1735 per
400 1653 525 1737 longum
535 1655 624 1736 ducta
636 1658 769 1733 tenebit,

21 1747 71 1810 Bis
83 1748 183 1829 quinis
191 1749 250 1810 late
261 1748 431 1822 claudetur,
445 1748 687 1827 bisquevicenis.

22 1841 57 1902 ln
68 1843 186 1927 triginta
193 1842 239 1904 illi
251 1842 400 1904 constabit
412 1841 553 1903 culminis
566 1841 670 1902 altum.

23 1934 81 1996 Per
92 1938 226 1998 medium
240 1957 296 2019 per
307 1949 353 1998 ter
364 1927 455 2020 longo
466 1936 617 1998 coenacula
630 1949 726 1998 tractu

27 2027 111 2092 Edita
122 2031 271 2113 suspensis
281 2031 422 2093 domibus
431 2029 564 2091 tabulata
579 2029 722 2089 levabunt
736 2053 744 2090 ε

28 2121 71 2184 Ut
80 2127 193 2210 generis
202 2126 322 2208 proprii
335 2143 455 2186 servans
468 2121 620 2185 consortia
633 2140 755 2182 mansor

29 2215 199 2302 Componat
212 2219 310 2300 parcis
323 2219 456 2299 dispersa
467 2214 577 2279 cubilia
590 2213 682 2277 cellis.

28 2311 106 2376 Tum
116 2335 155 2376 ne
170 2313 276 2373 rimosi
289 2331 471 2394 compagum
482 2311 560 2371 sorte
571 2321 686 2370 meatus

31 2405 182 2489 Accipient
193 2395 351 2469 inimicum
366 2405 516 2486 imbrem,
530 2403 620 2465 linire
633 2413 788 2464 memento
833 2470 836 2476 ,

29 2497 185 2562 Juncturas
199 2500 345 2575 laterum,
360 2498 539 2581 pigrumque
553 2497 676 2572 infunde
688 2496 836 2558 bitumen.

31 2591 139 2656 Taliter
149 2593 289 2656 effectam
303 2613 372 2656 cum
386 2591 641 2654 consummaveris
654 2593 770 2664 aedem,

33 2682 170 2749 Protinus
180 2689 355 2770 ingredere,
372 2705 407 2746 ac
420 2687 566 2747 mundum
580 2683 697 2744 dimitte
710 2685 866 2746 cadentem
879 2708 888 2745 t

32 2778 159 2844 Exclusit
171 2802 263 2862 quem
275 2779 363 2862 culpa
376 2781 535 2858 frequens,
550 2775 704 2838 includere
716 2776 776 2837 vita

31 2871 174 2955 incipiat,
191 2875 364 2956 circumque
377 2874 508 2934 fremant
519 2885 548 2932 te
562 2869 672 2950 sospite
687 2884 809 2934 mortes.

34 2965 210 3046 Quinetiam
221 2969 321 3050 latoris
333 2969 448 3032 sociam
459 2966 618 3028 succedere
630 2977 730 3039 tecto,

34 3058 71 3120 Et
83 3084 153 3125 cum
165 3063 340 3146 conjugibus
350 3075 436 3125 natos
449 3061 562 3121 intiare
575 3057 688 3140 jubeto.

36 3151 138 3246 Tuque
152 3157 296 3234 secundus
307 3159 367 3220 eris
379 3154 469 3242 deleti
481 3151 624 3238 germinis
638 3163 757 3224 auctor,
792 3199 795 3204 .
