2126 3848
128 263 188 350 295
388 245 421 326 n.
456 273 744 327 rnosrenr

129 461 288 524 Ambitum
301 458 407 520 mundi
420 469 516 518 totum
531 457 617 520 Deus
629 455 754 537 implet,
767 471 799 518 et
810 459 933 535 ambit,

168 555 200 618 N
204 577 238 618 ec
252 573 381 637 praesens
392 551 445 614 ulti
458 551 568 612 desinit
582 572 645 614 esse
658 551 745 612 loeo:

41 663 49 680 '
127 653 155 713 A
168 671 228 732 quo
239 648 420 732 longinquus
433 645 579 720 multum,
592 644 783 724 nimiumque
798 661 943 710 remotus

171 743 317 823 Quisquis
330 741 452 801 sincerae
464 739 530 802 luce
545 752 626 800 caret
638 739 728 812 fidei,

137 835 232 919 Cujus
245 837 269 897 si
284 834 374 895 radiis
385 833 508 915 depuisa
521 846 610 896 nocte
623 833 766 908 nitescat,

178 929 294 991 Divino
308 927 450 1007 impietus
462 927 576 988 iumine
591 927 694 988 iumen
707 926 774 987 erit.

135 1022 167 1085 N
171 1043 210 1085 ou
224 1023 313 1106 igitur
323 1035 472 1082 terrarum
485 1022 587 1096 orbis,
600 1042 664 1082 non
675 1038 798 1100 aequore
812 1023 907 1103 ponti

174 1117 258 1180 lnvin
271 1115 397 1178 circuitu
408 1129 475 1177 sunt
489 1116 629 1176 obeunda
641 1135 734 1197 vago,

134 1211 180 1273 Ut
190 1211 285 1292 possit
297 1231 400 1270 rerum
416 1210 608 1282 dominator,
622 1222 652 1268 et
663 1221 768 1269 auctor
780 1207 883 1282 adiri,
1055 1204 1061 1362 Ι

174 1304 279 1385 Quem
289 1302 405 1385 templo
416 1305 559 1365 iwcordis
572 1323 656 1362 mens
672 1303 719 1374 nia
731 1322 859 1382 semper
872 1302 988 1380 habet,

136 1399 165 1462 Α
178 1420 239 1478 quo
253 1411 285 1458 nt
298 1396 450 1460 dissimilis
462 1397 586 1462 terrain
599 1397 715 1456 deserta
727 1395 865 1472 recedit,
976 1383 979 1390 ’

177 1490 230 1554 Sic
242 1493 311 1554 ritae
324 1492 434 1553 merito
449 1491 604 1571 proximus
616 1504 659 1550 est
672 1490 789 1552 similis.

425 1633 428 1640 .
459 1581 464 1588 ’
480 1582 682 1644 LXXXIV.

137 1677 287 1758 Quamvis
297 1677 392 1737 multa
403 1677 523 1738 homini
534 1690 603 1757 post
616 1677 739 1738 vulnera
750 1677 853 1759 prima
867 1681 1033 1762 supersint,

183 1770 264 1851 Quae
276 1772 369 1833 vitam
382 1770 460 1832 hane
473 1771 582 1832 sacient
595 1769 690 1832 leudis
702 1770 814 1832 habere
826 1773 943 1848 decus3

139 1863 173 1927 si
186 1878 287 1927 tamen
299 1864 420 1948 ingenio
434 1862 536 1938 claro,
551 1877 581 1925 et
592 1864 751 1945 probitatis
764 1867 870 1928 amori

178 1957 261 2021 Fons
274 1959 349 2021 desit
362 1958 432 2018 fidei
444 1957 561 2018 subditi
574 1960 666 2020 corda
679 1961 796 2041 rigans,

140 2052 326 2116 (iunctarum
337 2053 456 2134 frugum
470 2053 627 2113 marcescit
638 2053 743 2114 inutile
756 2075 889 2135 germen
903 2099 913 2133 ,

182 2147 213 2207 N
216 2167 251 2209 ec
261 2146 370 2208 fruitur
380 2165 453 2206 vero
464 2144 582 2205 iumine
596 2146 685 2207 falsus
697 2147 806 2208 honor.

140 2240 296 2328 Ignoratus
310 2239 392 2299 enirn
406 2237 512 2312 Deus,
528 2250 632 2298 utnon
647 2241 762 2302 credita
773 2243 890 2317 virtus,

184 2331 265 2410 Quae
276 2350 346 2406 vera
360 2332 397 2390 nd
409 2350 562 2391 summum
573 2331 712 2411 provehit
723 2347 786 2394 arte
798 2334 936 2398 bonurn.

145 2423 221 2486 Non
231 2424 302 2483 sinit
315 2423 389 2482 eniti
402 2441 492 2504 regna
504 2424 544 2484 nd
559 2423 688 2488 coelestin
700 2441 836 2490 mentem

186 2512 384 2575 Obstructnm
398 2515 501 2591 vanis,
515 2515 707 2598 occiduisque
720 2541 853 2605 gravem,

146 2607 265 2689 Perque
277 2627 383 2668 omnes
397 2607 487 2669 ealles
501 2625 581 2672 errat
593 2613 740 2694 snpientia
753 2617 860 2678 mundi
874 2661 885 2693 ‚

187 2701 229 2765 Et
243 2701 376 2766 tenebris
386 2702 487 2779 addit,
502 2725 568 2782 quae
579 2707 644 2768 siue
656 2709 723 2770 luce
735 2709 821 2793 gerit.

99 2801 102 2806 “
501 2795 635 2860 LXXX
646 2797 685 2862 V.

107 2907 109 2912 ’
153 2889 230 2953 Νοιι
240 2902 323 2951 recto
337 2904 434 2952 servat
446 2889 552 2975 legalia
562 2894 685 2956 sabbeta
696 2896 797 2970 cultu,

192 2982 258 3062 Qui
272 2981 392 3066 pietatis
403 3005 481 3067 epus
493 2987 590 3049 credit
602 2988 635 3049 in
647 2989 695 3050 his
708 2989 852 3062 retitum3

76 3153 82 3165 ¹
149 3075 245 3142 Nulla
256 3077 319 3140 dies
331 3091 413 3141 actus
424 3079 662 3146 hominum'non
675 3085 797 3146 damnat
812 3083 956 3164 iniquos,
