2126 3848
270 343 697 400 setcstMMATA.
857 332 925 393 305'

6 438 123 500 Unus
133 436 217 500 enim
230 437 391 500 amborum
404 451 528 514 motus,
540 438 617 500 ratio
631 457 691 498 una
702 437 824 500 volendi
838 482 848 516 ,
866 495 869 502 .

63 529 136 592 Par
157 531 253 592 virtus
270 530 371 609 ,idem
383 531 527 613 spiritus,
542 552 618 616 unus
629 551 726 592 amor.

325 687 327 692 ,
426 622 526 686 CIV.

6 718 83 780 sic
96 715 321 800 magnusDeus
330 729 374 777 εει
389 759 398 793 ,
414 717 451 778 de
464 737 496 777 se
508 716 606 792 valet,
621 730 651 778 et
663 730 764 779 manet
777 718 808 778 in
819 739 851 779 se
864 761 873 794 ,

67 809 137 873 Cui
151 829 305 872 summum
320 853 330 886 ,
346 823 376 870 et
388 811 550 893 proprium
561 822 606 872 est
617 831 758 892 ,semper
771 811 801 872 id
814 831 877 874 esse
891 853 901 887 ,

201 902 283 982 quod
296 913 358 974 est;
475 965 479 970 ¹

9 995 183 1079 Splendet
190 996 273 1058 enirn
286 1015 392 1057 verum
405 1015 477 1057 vero
491 998 527 1057 de
541 996 655 1058 lumine
664 997 768 1058 lumen
785 1041 794 1072 ,

68 1091 117 1150 Ut
129 1089 267 1173 genitum
276 1107 438 1171 agnoscens
451 1089 569 1150 noverit
580 1090 746 1170 ingenitum
760 1133 769 1163 ,

13 1185 53 1243 t]
62 1203 103 1244 na
115 1181 213 1243 triuin
228 1183 343 1257 deitas,
358 1203 417 1243 una
431 1196 475 1243 est
488 1184 615 1244 essentia
629 1225 639 1257 ,
653 1183 692 1242 ab
706 1203 766 1242 uno
781 1225 791 1257 ‚
809 1229 811 1244 .

64 1275 159 1339 Idem
175 1289 220 1338 est
232 1288 261 1337 et
271 1276 355 1336 verbi
368 1276 490 1356 spiritus
499 1288 587 1354 atque
602 1275 695 1356 patris
709 1318 720 1351 ,

13 1369 163 1434 Nullum
175 1389 253 1452 opus
266 1370 451 1451 abjunctum,
459 1367 542 1429 nulla
553 1380 598 1456 est
607 1388 670 1428 non
682 1387 765 1448 aequa
775 1379 916 1451 potestas,

63 1464 106 1526 lu
122 1462 240 1527 cunctis
252 1482 345 1523 unum
359 1474 427 1522 sunt
436 1461 494 1523 tria
507 1461 704 1544 principium.

433 1551 509 1617 CV.

16 1651 112 1714 Cum
128 1651 182 1731 pia
196 1669 282 1712 mens
294 1651 326 1710 in
337 1649 424 1711 laude
432 1648 495 1710 Dei
507 1663 644 1732 superata
655 1651 773 1714 labores
786 1693 796 1726 ‚

67 1745 208 1819 Gaude,
221 1746 303 1824 quod
317 1756 433 1806 tentum
444 1755 473 1804 te
484 1744 562 1806 hene
575 1745 667 1807 vincit
681 1766 781 1827 opus,

16 1838 138 1919 Teque
153 1837 266 1917 aliquid
280 1838 381 1920 superi
394 1857 539 1921 cognosce
552 1838 683 1899 hausisse
700 1836 829 1920 vigoris,

62 1931 102 1992 Si
119 1930 179 1992 tibi
192 1949 254 1990 non
266 1931 335 1992 satis
349 1943 411 2006 est,
425 1932 507 2012 quod
519 1929 616 2012 cupis,
631 1943 719 2010 atque
732 1928 829 2009 sapis:

20 2023 144 2104 Quaere
157 2024 346 2085 bonumsine
356 2023 416 2085 fine
426 2069 437 2102 ,
449 2025 532 2086 bono
541 2037 571 2084 et
579 2023 705 2104 persiste
717 2032 837 2102 reperto
942 2011 944 2019 ⁴

65 2117 238 2195 Quaerere,
252 2133 315 2173 non
329 2113 457 2174 habeant
468 2108 539 2170 talia
551 2122 620 2170 vota
633 2110 778 2169 modurn:

21 2208 116 2270 Nam
128 2206 223 2286 quise
235 2191 393 2287 nullo'jaru'
404 2223 529 2266 munere
540 2203 635 2264 credit
648 2221 757 2286 egere,

64 2301 221 2365 Crescere
234 2319 295 2360 non
309 2299 448 2380 cupiens,
470 2296 570 2379 perdit
582 2298 692 2379 adepta
703 2308 819 2380 tepens.

422 2388 522 2452 CVI.

20 2489 89 2572 Age
103 2489 169 2570 jam
181 2505 291 2567 precor
301 2503 438 2545 mearum
452 2503 555 2546 comes
570 2480 714 2545 irremota
728 2503 850 2558 rerum,

26 2580 203 2662 Trepidam
218 2623 226 2656 ,
238 2580 422 2657 brevemque
436 2579 526 2641 vitam
538 2577 677 2640 Domino
690 2576 762 2640 Deo
774 2579 916 2639 dicemus.

25 2674 135 2738 Celeri
149 2674 233 2736 vides
248 2685 344 2734 rotatu
356 2673 419 2744 dies
433 2674 553 2752 rapidos
566 2692 690 2747 meare,

21 2767 219 2852 Fragilisque
229 2766 367 2826 membra
380 2766 475 2825 minui
491 2810 500 2839 ,
515 2765 619 2825 mundi
631 2764 752 2844 perire,
765 2761 847 2833 labi;

24 2860 124 2946 Fugit
135 2881 231 2956 omne
247 2904 256 2934 ,
271 2860 352 2938 quod
364 2872 524 2933 tenemus,
539 2876 636 2936 neque
657 2854 854 2920 fluxahabent
867 2876 917 2920 re-

197 2973 334 3028 cursum,
412 3023 415 3030 Ἰ

25 3045 167 3130 Copidas
177 3066 321 3128 vagasque
335 3057 451 3107 mentes
466 3065 520 3126 spe
536 3043 654 3104 trahunt
664 3043 745 3106 inani
759 3067 767 3104 e

22 3137 91 3204 Ubi
103 3161 188 3204 nunc
198 3140 298 3226 imago
306 3162 408 3204 rerum
421 3137 566 3222 atqueubi
578 3151 645 3200 sunt
652 3159 725 3222 opes
737 3137 917 3222 potentum?
