2102 3846
151 309 208 372 138
366 317 578 372 ALC..ED.
612 315 771 370 AVlTl
919 301 1024 384 ν.3ῃ,1

152 416 183 486 0
198 416 322 476 demens
335 412 447 487 animi,
460 411 507 472 cui
521 413 581 493 jam
591 429 652 471 uon
662 407 771 472 sufficit
783 430 876 472 uuam
1024 401 1025 460 i

155 507 351 570 succubuisse
363 505 453 567 dolo:
466 504 559 568 caruit
569 506 631 585 jam
646 517 730 584 perte
741 503 897 566 booomm

153 599 231 680 Quae
243 600 322 660 mala
335 599 481 682 coguovit.
495 595 529 658 Si
542 618 607 684 non
618 595 754 678 exempla
762 598 902 678 priorum
1025 590 1026 638 i

152 692 300 778 Tenent,
316 693 486 771 exemplum
500 693 569 764 fies3
583 704 745 771 nostroque
756 691 860 753 timori

153 787 214 848 Vel
227 800 296 869 post
307 800 337 847 te
349 800 452 869 pereat
461 775 568 848 secreti
578 787 643 846 diro
657 787 778 868 cupido.

153 881 297 943 lllicitum
309 881 389 959 quod
399 880 476 942 scire
488 880 544 940 suit
555 924 564 955 ,
576 879 760 959 vetitumque
774 879 867 955 tueri,

156 973 314 1055 Respicies
328 985 468 1050 tantum,
480 994 536 1035 nec
547 985 701 1035 narratura
713 972 837 1036 ridebis.

196 1065 279 1150 Ergo
287 1068 340 1128 ubi
352 1069 500 1148 majorem
513 1067 654 1128 vicinaex
665 1068 740 1128 urbe
751 1067 915 1148 tumultum

161 1161 288 1242 Accepit
302 1158 427 1232 mulier,
442 1159 556 1220 tultum
569 1159 679 1220 deflexa
695 1173 860 1237 retortum,

160 1251 221 1314 Vix
234 1253 335 1333 primo
349 1253 380 1310 in
393 1251 455 1312 risu
466 1251 609 1312 restrictis
617 1253 748 1312 motibus
760 1253 862 1330 haesit,

162 1346 296 1409 Cernere
311 1345 452 1406 desistens
466 1366 534 1406 cum
546 1356 692 1424 coeperat:
709 1345 778 1405 inde
790 1345 889 1428 gelato

164 1437 313 1520 Sanguine
326 1457 513 1499 marmoreus
524 1438 657 1519 perfudit
668 1439 781 1500 viscera
790 1451 898 1521 torpor
909 1482 919 1516 ,

161 1531 323 1613 Diriguere
334 1548 432 1612 genae,
447 1529 547 1610 pallor
557 1551 651 1592 novus
664 1531 758 1592 inficit
771 1551 833 1592 ora.

161 1623 293 1684 Lumina
306 1643 368 1684 nou
377 1624 500 1699 clausit,
514 1643 576 1683 non
590 1623 694 1684 saltem
708 1625 840 1686 concidit
852 1625 908 1686 illo

117 1712 120 1718 ”
162 1715 320 1791 Pondere,
335 1737 395 1796 quo
408 1717 527 1797 pulsant
539 1717 668 1778 demissa
681 1719 823 1780 cadavera
834 1731 958 1781 terram.
1031 1717 1032 1734 ¹

164 1808 228 1870 Sed
240 1810 319 1871 stetit
328 1811 483 1872 horrendo·
493 1810 652 1892 perlucens
664 1831 760 1874 massa
771 1813 890 1888 nitore,

166 1901 360 1985 Servaritque
375 1925 458 1965 suam
472 1903 586 1984 species
599 1905 725 1987 decepta
737 1905 870 1988 figurem.

157 1995 235 2059 Nec
248 1997 335 2059 facile
349 2011 507 2076 utnosscs,
519 1999 649 2076 vitrum,
663 1998 759 2080 lepis,
774 2019 850 2059 enne
869 1995 1011 2059 meutluu

169 2087 339 2152 Succedens
351 2092 486 2167 homini,
499 2093 596 2152 sinon
611 2089 653 2151 soi
666 2091 751 2153 fauce
765 2104 894 2162 notetur.

166 2169 214 2240 Ex
227 2194 297 2242 tunc
308 2183 440 2261 insipido
453 2182 563 2243 mulier
576 2196 728 2262 praeventa
739 2176 821 2242 rc'stu

168 2269 242 2334 Plus
253 2274 361 2334 salsum
375 2275 439 2335 sine
448 2289 547 2335 mente
555 2275 651 2354 sapit,
666 2296 733 2354 quae
748 2293 879 2356 pungere
893 2290 1000 2343 sensus,

169 2365 369 2448 Exemplique
382 2359 479 2447 po'test
490 2367 598 2430 salibus
609 2368 733 2430 condire
742 2368 883 2430 ridentes.

172 2459 353 2523 Hoctamen
370 2461 421 2521 hic
434 2480 592 2544 magnum,
608 2463 688 2542 quod
701 2482 763 2522 oon
776 2459 941 2523 inflectitur
953 2458 1015 2526 iste,

172 2553 242 2616 Nec
256 2554 388 2633 sequitur
401 2553 532 2629 sociam,
545 2556 631 2616 fortis
641 2577 697 2618 nec
706 2557 834 2619 vincitur
844 2554 956 2615 Adam.

175 2645 277 2709 Credo
290 2648 429 2726 equidem
443 2648 549 2709 melius
559 2693 568 2724 ‚
578 2652 659 2729 quod
671 2671 731 2712 nou
746 2649 910 2711 occurrerit
924 2663 993 2708 uxor

174 2737 325 2802 Enarrare
337 2744 417 2815 rir03
431 2763 501 2804 narn
515 2744 540 2804 si
552 2758 707 2825 comperto
719 2743 860 2817 referret,

176 2831 293 2893 Forsan
306 2848 335 2894 ct
346 2837 424 2898 hunc
432 2838 496 2900 risu
507 2838 641 2899 suasisset
649 2851 785 2900 temnere
793 2841 889 2919 jussa,

177 2923 244 2986 Ceu
258 2929 415 3008 proprium
429 2944 513 3011 gustu
523 2932 592 2994 seeit
604 2933 746 3014 primaeva
756 2930 873 3015 virago:

179 3018 258 3098 Quae
268 3032 426 3100 postquem
437 3043 500 3085 sese
513 3027 626 3106 pariter
636 3027 840 3104 comitemque
850 3022 972 3098 fefellit,

179 3113 219 3178 Et
231 3113 366 3175 nondum
379 3128 478 3177 notem
490 3118 635 3199 percussit
647 3118 768 3182 vulnere
780 3117 909 3201 prolem.
