2198 3844
132 439 134 444 ,
165 344 216 440 '38'
446 358 570 412 ommi
607 359 782 416 sununrr
970 373 997 415 v.
1015 375 1065 438 17,

153 523 155 528 ,
173 450 459 528 Concedens'sacili,
474 452 559 516 Vivit
569 455 630 536 jam
643 454 737 526 filius,
752 452 868 532 iuquit,

169 545 283 628 Perge,
298 558 372 607 tuus.
389 543 544 624 Quantum
556 547 678 628 imperii
691 547 748 606 fert
760 547 851 628 jussio
867 545 1004 611 Christi!

168 637 243 718 N0t¹
257 639 345 713 dixit,
362 636 502 701 Victurus
513 639 568 700 erit
579 640 672 724 „s,ed¹‚
687 639 765 717 Jam,
775 640 844 718 quia
858 640 951 716 vivit,

169 731 261 792 More
274 731 356 808 Dei,
371 733 421 812 qni
434 746 538 794 cuneta
552 734 650 813 prins,
666 753 756 812 quam
770 745 855 808 nata,
869 733 1001 795 videndo
1011 779 1029 812 ‚,

168 823 357 887 Praeteritum
369 827 481 901 cernit,
494 826 637 905 quidquid
650 825 713 886 vult
727 825 945 887 essesuturum.

209 919 284 980 lude
298 920 455 980 salutiferis
468 920 608 980 incedens
621 919 767 1002 gressibus
779 919 887 994 urbes,

168 1008 313 1094 Oppida,
326 1033 414 1088 rura,
426 1032 523 1087 casas,
536 1013 631 1087 vicos,
647 1012 766 1076 castella
778 1033 955 1096 peragrans,

168 1101 284 1166 Omnia
297 1107 427 1187 depulsis
439 1106 559 1167 sanabat
572 1126 700 1187 corpora
712 1107 838 1166 morbis.

206 1197 288 1262 Ecce
300 1212 399 1260 autem
413 1200 519 1260 mediae
533 1198 666 1261 clamans
674 1221 709 1260 ex
719 1199 835 1281 agmine
849 1199 944 1260 rurbae

164 1291 317 1372 Leprosus
330 1294 471 1376 poscebat
484 1313 591 1374 opem,
605 1294 762 1372 variosque
776 1313 831 1374 per
843 1307 921 1354 artus

157 1383 237 1445 ¹Plus
250 1388 378 1448 caudore
392 1387 501 1462 miser,
512 1385 545 1447 Si
555 1387 616 1462 vis,
629 1387 785 1464 Domine,
800 1389 914 1472 inquit,
929 1387 966 1450 ab
981 1390 1048 1452 istis

106 1490 111 1502 ‘
164 1477 220 1540 Me
229 1480 352 1542 maculis
365 1483 508 1541 mundare
518 1494 612 1562 potes.
621 1479 729 1555 Volo,
741 1477 877 1542 Christus
889 1494 920 1542 ut
933 1482 1052 1563 inquit,

165 1571 334 1634 Confestim
348 1575 424 1635 redit
435 1595 493 1634 una
507 1576 597 1650 cutIs,
612 1573 798 1654 proprioque
812 1575 922 1635 decore

162 1663 245 1726 Laeta
257 1668 609 1749 peregrinammutarunt
619 1666 759 1728 membra
769 1667 909 1749 figuram,

131 1781 133 1787 ⁴
161 1755 257 1838 Inque
269 1780 321 1828 sno
335 1762 427 1842 magis
440 1762 553 1844 agnitus
566 1771 610 1836 est
623 1761 669 1818 vix
686 1759 736 1819 ille
750 1760 863 1822 colore.
919 1811 923 1826 .

201 1851 296 1914 Forte
308 1852 390 1915 Petri
404 1854 508 1914 validce
522 1853 655 1914 torrebat
669 1853 814 1933 lampadis
827 1866 899 1914 aestu

83 1945 88 1953 ’
159 1945 384 2012 Febrisanhela
399 1969 533 2022 socrum,
549 1947 700 2029 dubioque
714 1947 746 2006 in
760 1946 864 2010 lunere
882 1948 1030 2028 pendens.

160 2039 270 2104 Saucia·
279 2041 332 2101 sub
345 2040 450 2124 gelidis
461 2042 583 2102 ardebat
598 2040 657 2101 vite
670 2039 818 2120 periclis,
835 2118 838 2130 Ι

157 2132 383 2214 Immensusque
397 2135 478 2197 calor
491 2135 581 2217 frigus
595 2133 702 2196 lethale
716 2133 874 2211 coquebat.

157 2227 198 2288 At
210 2229 472 2308 postquamsessos
488 2227 618 2290 Domini
632 2218 736 2288 manus
748 2226 841 2306 attigit
854 2238 959 2304 artus,

156 2322 262 2404 lgneus
275 2323 364 2382 ardor
376 2323 453 2398 abit,
468 2321 596 2398 totisque
610 2320 751 2383 exstincto
761 2319 918 2396 medullis,

156 2413 255 2475 Fonte
268 2415 384 2480 latentis
398 2435 482 2495 aquoe
495 2415 602 2484 eeeidit
616 2413 756 2476 violentia
773 2413 912 2474 llammae.

197 2507 503 2586 Quinetiamrabides
514 2508 796 2590 nigrorumdepulit
811 2509 869 2566 iras

156 2598 340 2681 spirituum,
357 2600 491 2662 nullatus
504 2600 746 2666 atroxlaceraret
758 2602 860 2680 iniqua

153 2693 241 2760 Peste
255 2695 405 2769 homines,
421 2695 582 2775 operisque¹
596 2693 656 2754 Dei
668 2707 784 2758 vexaret
799 2695 980 2770 honorem,

153 2786 255 2866 Quem
268 2801 354 2849 noret
367 2808 427 2849 non
441 2808 501 2848 esse
515 2787 574 2858 Dei
586 2809 593 2858 3
609 2787 779 2866 passimque
795 2799 944 2864 catervas,

151 2878 198 2938 Ut
208 2881 291 2960 pius,
306 2881 478 2944 innumeras
489 2879 575 2960 pulso
589 2879 731 2961 languore
743 2879 829 2943 saluti
888 2947 891 2950 ,

151 2970 315 3047 Reddidit,
326 2985 355 3034 et
368 2973 452 3034 varia.
461 2972 589 3054 populos
603 2972 716 3036 ariade
729 2973 844 3038 levavit.

190 3065 264 3127 lnde
279 3066 394 3126 marina
405 3079 527 3146 petens,
541 3078 658 3128 erentes
668 3065 815 3148 gressibus
828 3064 906 3146 alges

85 3156 91 3165 ’
149 3157 278 3237 Pressit,
295 3170 323 3221 et
334 3160 442 3243 exiguae
456 3159 659 3224 conscendens
674 3158 784 3222 robora
797 3155 914 3246 cymbae
924 3199 942 3236 ,
