2198 3844
185 343 226 416 St
453 353 578 412 onum
612 351 793 406 sonuum
952 357 979 407 v.
997 345 1066 418 224.

187 449 338 513 Conciliat
349 448 433 522 vitre,
448 467 522 526 quos
534 466 596 507 non
610 457 731 507 ventose
743 446 887 524 loquendi
900 469 911 502 κ

180 540 312 616 Gloria,
327 563 384 602 nec
396 560 470 601 vona
483 543 520 601 de
533 538 687 600 nobilitate
700 541 846 620 superbus

183 635 309 719 Sanguis
321 634 394 708 alat,
408 635 459 694 sed
472 633 551 694 furna
563 644 680 718 tacens,
696 631 862 713 humilique
874 635 1025 718 refulgens

182 729 287 791 Mente
299 729 380 790 nitor
392 726 468 789 coelo
478 727 565 788 saciat
578 727 615 785 de
623 725 712 805 plebe
725 727 922 806 propinquos.

181 823 324 904 Namque
337 820 424 883 stulta
439 832 545 900 potens
558 818 663 900 elegit,
678 830 707 878 et
724 818 827 879 infimo
841 821 966 897 muudi,

182 916 289 983 Fortia
302 913 491 996 confringens
504 911 604 990 Deus,
619 924 648 971 et
661 912 805 992 sapientia
821 915 959 993 perdens.

223 1008 400 1088 Quinetiam
412 1005 542 1068 celerem
556 1005 679 1085 cupiens
691 1004 830 1066 conferre
841 1005 987 1085 salutem,

178 1100 301 1166 ‘Orandi
312 1112 462 1182 praecepta
475 1097 573 1172 dedit,
588 1098 732 1179 judexque
743 1099 889 1182 benignus

178 1195 362 1279 Indulgenda
373 1193 434 1275 peti
448 1192 580 1254 breviter
591 1191 693 1274 jubet,
708 1205 739 1252 nt
753 1192 962 1274 citoproestet‚

179 1287 231 1350 Sic
242 1289 344 1350 dicens
357 1312 364 1348 ε
379 1283 475 1347 Orate
488 1298 622 1367 patrem,
637 1285 815 1367 baptismate
827 1299 984 1364 nostrum,

175 1381 347 1442 Juresuum
359 1403 367 1440 t
382 1379 599 1461 propriumque
611 1378 729 1442 bomini
737 1380 883 1441 concessit
894 1381 1060 1460 honorem,

178 1473 235 1548 Et,
250 1473 330 1552 quod
342 1472 421 1532 solus
432 1472 537 1544 babet,
552 1483 674 1532 cunctos
687 1472 824 1552 permisit
837 1465 958 1536 babere.

178 1567 243 1646 Qui
258 1566 427 1626 Dominum
441 1564 507 1626 coeli
519 1570 636 1644 patrem
652 1563 871 1648 memoramus,
886 1565 1002 1648 inipso

175 1661 251 1724 ,Jam
265 1661 367 1719 fratres
381 1679 435 1722 nos
446 1679 508 1718 esse
523 1659 626 1733 decet,
640 1679 697 1719 nec
710 1660 824 1742 origine
838 1660 935 1722 carnis

176 1753 367 1816 Germanum
379 1764 491 1834 gestare
503 1752 623 1822 odium,
637 1753 689 1811 sed
700 1753 820 1832 spiritns
834 1739 902 1836 igne'

177 1847 369 1930 Flagrantes,
383 1845 504 1905 abolere
513 1843 575 1906 doli
590 1859 783 1906 monomenta
796 1846 919 1922 vetusti,

176 1940 275 2020 Atque
288 1959 400 1999 novum
412 1952 524 2020 gesture
538 1938 716 2015 hominem,
731 1960 768 2000 ne
782 1939 883 2000 forsan
896 1941 933 2000 ab
953 1939 1020 2003 alto

176 2033 368 2116 Degenerem
380 2045 498 2096 terrena
511 2030 581 2091 Deo
594 2055 600 2090 :
613 2033 661 2092 cui
674 2051 749 2106 nos,
765 2035 839 2094 duce
854 2031 995 2112 Christo,

177 2125 265 2188 Fecit
271 2125 431 2206 ,adoptivos
440 2124 570 2186 coelestis
581 2125 674 2207 gratie
689 2139 784 2187 notos.

219 2217 484 2282 Sanctificeturubi
496 2216 664 2293 Dominus,
682 2220 733 2299 qni
746 2232 851 2282 cuncta
864 2221 995 2282 creando

178 2310 366 2382 benedicat,
380 2309 437 2368 nisi
452 2311 542 2370 corde
556 2310 623 2390 pio,
638 2312 693 2371 nisi
707 2326 827 2393 pectore
841 2315 944 2376 casto?

177 2403 223 2464 Ut
235 2421 405 2463 mereamur
418 2423 488 2462 eum
500 2424 556 2462 nos
568 2406 750 2468 sanctificare
763 2407 909 2482 colendo,

177 2498 299 2557 Annuat
308 2496 373 2574 ipse
385 2496 488 2576 prior,
503 2498 577 2558 sicut
589 2498 761 2561 benedicier
774 2500 855 2560 idem

177 2589 219 2654 se
231 2590 312 2672 jubet
326 2609 344 2647 a
357 2589 462 2664 nobis,
478 2610 565 2669 equo
578 2591 786 2654 benedicimur
798 2613 912 2654 omnes.

217 2682 364 2744 Adveniet
379 2704 501 2766 regnum
512 2687 591 2768 jam,
606 2688 726 2767 jamque
739 2687 852 2749 scilicet
867 2687 962 2763 illud,

179 2776 280 2836 Morte
294 2796 418 2852 vacans,
432 2789 462 2836 et
474 2778 532 2838 line
545 2797 667 2853 cereus,
682 2779 730 2840 cni
743 2780 824 2840 nulle
839 2801 1007 2861 peretrum

176 2869 331 2950 'l'empnre
343 2871 518 2946 succedent,
534 2871 603 2949 quia
613 2873 706 2934 nescit
720 2886 838 2953 tempus
851 2873 961 2933 babere

177 2961 347 3030 Continuus
359 2965 523 3024 sinenocre
534 2965 597 3026 dies
611 2965 698 3041 :ubi,
714 2967 852 3047 principe
866 2965 1006 3046 Christo,

178 3055 292 3116 Nobile
305 3069 450 3138 perpetua
463 3071 551 3139 capnt
563 3059 762 3139 amplectente
775 3079 904 3135 corona,

176 3146 284 3218 Victor
295 3149 399 3229 opima
409 3149 507 3213 serens
515 3153 655 3244 gaudebit
668 3153 792 3234 praemia
804 3151 900 3217 miles.
