2172 3862
142 396 203 483 ⁴7²
416 383 805 476 nnacoun113
926 392 1035 456 v.256.

144 500 256 562 Statius
266 499 395 563 ostendit
412 499 484 580 ‚qui
496 498 562 558 lnso
575 506 684 578 sponte
696 514 805 558 cruore
819 537 829 572 ,

142 595 189 654 Ut
199 607 287 675 pater
300 593 421 656 orbatus
429 594 575 655 furiarum
583 609 674 676 regna
685 602 818 664 teneret,

140 687 304 752 Thebanos
317 689 445 772 proprio
458 687 591 770 perfudit
601 684 744 770 sanguine
756 704 874 746 muros.

142 779 178 844 Si
191 784 428 868 consanguineos
438 781 534 846 scelus
545 793 589 842 est
600 780 733 864 jugulare
746 779 960 862 propinquos,

142 875 198 938 Eat
209 877 316 940 furiale
328 877 411 938 nefas
424 878 455 937 in
468 897 501 938 se
514 886 692 938 convertere
705 873 830 935 ierrum.

143 967 216 1032 Hoc
228 970 341 1033 lacinus
351 990 408 1033 nec
417 957 536 1031 bomon
548 969 658 1045 babet,
682 969 735 1030 sed
748 987 842 1029 nemo
852 968 994 1051 prolecto

59 1097 65 1101 -
141 1059 275 1125 Miretur
283 1063 442 1124 bominum
455 1075 518 1122 tam
531 1080 608 1123 saera
619 1060 738 1143 piacula
750 1061 857 1144 gentis.

142 1154 217 1218 Non
227 1156 313 1218 aliter
324 1157 423 1239 potuit
432 1168 586 1237 sceptrum
597 1155 726 1216 tramire
736 1154 903 1235 profanum

141 1250 191 1310 Ad
204 1270 406 1327 successores,
431 1251 511 1330 quod
522 1262 653 1332 gesserat
662 1245 806 1329 OEdipus
818 1268 965 1329 unquam

141 1343 216 1405 Jam
229 1344 310 1405 lerus
322 1343 387 1425 ipse
407 1341 511 1404 Creon
525 1342 551 1401 J
552 1356 660 1406 ocastae
671 1341 826 1423 proximus
838 1341 951 1419 baeres,

21 1483 23 1490 ,
141 1433 183 1497 Et
196 1457 355 1521 germanus
368 1449 451 1498 erata
467 1437 551 1516 quasi
565 1436 612 1498 lex
626 1449 670 1498 est
681 1435 773 1517 ipsius
784 1434 862 1496 aulae

142 1526 351 1606 Criminibus,
366 1528 566 1616 lacrymisque
577 1531 690 1591 ducum
705 1542 757 1590 sua
769 1546 862 1612 regna
875 1529 988 1594 dicare.

186 1620 306 1685 Codrus
318 1623 489 1704 Apollinem
501 1623 630 1705 tripodis
642 1641 788 1705 responsa
801 1625 933 1705 requirit
945 1650 953 1688 ε

141 1715 263 1797 Accipit
275 1716 398 1792 infelix,
417 1716 510 1778 alieni
522 1737 609 1780 causa
620 1715 785 1798 triumpbi3

141 1807 284 1873 Vestibus
295 1810 415 1874 indutus
427 1809 533 1871 famuli
548 1811 623 1892 petit
636 1801 721 1870 arm'a
734 1811 877 1893 tyranni,

141 1901 173 1964 N
176 1923 225 1965 am
238 1906 289 1968 cui
300 1904 379 1970 bella
389 1917 519 1989 negant,
531 1904 667 1966 lecerunt
675 1902 770 1986 jurgia
782 1917 939 1967 mortem:

140 1995 179 2074 ln
190 1999 289 2060 dubiis
302 2018 385 2062 mors
397 2001 578 2079 estinopem
589 1996 731 2058 simulare
742 2009 887 2082 tyranno.

182 2092 264 2152 Ausa
277 2089 439 2176 Leonidoe,
453 2103 661 2170 nocturnaque
678 2089 758 2152 bella
771 2089 919 2174 legantur.

143 2179 249 2246 Castra
262 2185 386 2248 inimica
398 2195 503 2266 petens
516 2184 624 2246 invasit
636 2194 725 2245 nocte
738 2183 861 2262 silenti,

109 2299 113 2304 ’
141 2274 182 2337 Et
198 2277 255 2340 luit
267 2300 327 2343 una
337 2279 446 2343 cohors
458 2292 572 2340 tantum
586 2277 701 2339 munita
712 2279 856 2340 tenebris.

3 2383 7 2389 '
141 2368 211 2432 Nor
224 2387 288 2434 erat
302 2373 396 2435 umbo
410 2373 499 2448 viris,
513 2391 620 2434 manus
632 2371 695 2434 baec
708 2371 991 2454 contemperantis,

145 2464 207 2547 Spe
222 2467 521 2548 mortispraesnmpta
533 2487 612 2541 suae;
628 2464 679 2544 qui
693 2464 759 2527 luce
772 2465 894 2548 repulsa

146 2558 292 2622 Millenos
301 2559 420 2641 petiere
432 2560 513 2622 viros
525 2560 696 2642 spernendo
707 2559 844 2621 salutem.

141 2652 286 2715 Invadant
299 2651 448 2736 populos,
462 2653 588 2714 obscura
598 2668 692 2738 strage
700 2657 884 2726 'cruentann

141 2748 228 2808 Dum
236 2749 331 2811 nescit
342 2764 434 2828 quem
448 2747 573 2828 quisque
585 2748 666 2824 lecit,
678 2738 861 2827 cui'quisque
872 2765 1027 2837 repugnat,
1081 2745 1082 2824 ,

143 2839 316 2906 Obtruncat
329 2843 446 2905 socium
461 2887 471 2920 ,
485 2861 587 2904 earnm
599 2842 763 2924 prosternit
776 2843 911 2904 amicum
925 2889 936 2920 ‚

139 2935 286 3017 Amputat
298 2937 417 3021 ignarus
429 2937 553 2998 fratrem
565 2981 573 3012 ,
588 2937 756 3021 jugulatque
770 2938 998 3021 propinquum.

143 3027 227 3092 Dum
241 3042 327 3112 pater
339 3032 467 3095 obscura
478 3031 615 3093 defensus
627 3043 717 3095 nocte
729 3043 867 3114 putatur,

143 3121 195 3188 Sic
208 3127 252 3190 ibi
266 3127 427 3209 procubuit
439 3132 500 3192 nati
512 3129 814 3212 pietateperemptus.

76 3211 81 3221 ¹
118 3223 123 3238 “
143 3222 288 3302 Viveret,
304 3235 333 3286 et
347 3222 537 3308 ritamlongo
550 3225 730 3307 produceret
743 3241 831 3301 nvo,
