2172 3862
31 386 158 452 med
263 395 714 450 benenatum.
869 390 930 476 469

31 497 70 561 N
79 496 185 559 omine
199 515 256 577 pro
266 493 413 568 Domini;
427 495 479 558 sed
493 513 563 554 mox
574 506 697 576 tepuere
711 493 841 572 calores,
883 515 886 520 ’

33 592 185 676 Frigidus
198 589 274 674 iguis
288 602 371 678 erat,
384 588 491 674 gelidis
501 589 639 651 incendia
649 586 781 651 flammis

32 683 196 747 Mirantur
209 683 371 759 cecidisse,
385 682 475 744 simul
487 703 550 744 non
561 681 663 746 servor
675 683 794 745 anbelat

32 777 210 855 Torridus‚
226 790 276 840 aut
289 778 413 862 adytum
424 777 577 840 lambebat
588 774 712 839 flamma
724 779 845 841 camini.

36 871 191 935 Crinibus
205 871 305 956 ignitis
316 873 415 960 jejuna
427 872 570 934 alimenta
581 883 696 935 recusat
770 859 773 869 ¹

33 965 189 1028 Fastidita
203 966 314 1042 sames,
327 969 439 1050 rejecto
452 967 558 1029 fomite
567 966 690 1052 pingui,

34 1058 117 1121 Nou
131 1059 188 1146 luit
197 1060 274 1144 iguis
286 1062 375 1122 edax:
389 1081 481 1143 quem
494 1062 572 1124 roris
583 1061 706 1143 spiritus
719 1058 824 1122 afflans

35 1153 185 1216 imbrifer
199 1155 351 1230 exstinxit,
366 1155 541 1216 mitissimus
554 1153 674 1238 angelus
687 1154 819 1229 intrans,
860 1150 864 1154 ’
921 1233 926 1240 .

39 1245 141 1332 Cujus
152 1261 215 1310 erat
226 1247 334 1309 similis
347 1248 455 1310 divinae
466 1247 561 1330 prolis
573 1248 682 1330 imago.

37 1342 118 1404 Non
131 1344 220 1404 vestis
232 1341 385 1404 flammata
398 1343 488 1419 viris,
500 1361 564 1403 non
574 1340 666 1403 crinis
677 1341 818 1418 adustus,

39 1435 183 1498 Flamma
198 1457 255 1498 nec
266 1450 407 1500 extremae
417 1437 493 1498 laesit
506 1435 627 1518 vestigia
640 1435 770 1516 plantas,

42 1528 227 1594 Conoulcata
239 1529 308 1594 licet
320 1531 409 1594 toties
417 1530 620 1615 gradientibus
635 1528 705 1590 illis.

40 1623 156 1686 lllsesos
168 1643 279 1706 pueros
292 1625 409 1707 expavit
422 1643 509 1707 persa
519 1637 680 1710 tyrannus:

41 1717 263 1803 Egredientur,
277 1719 320 1781 ait
333 1718 507 1780 Dominum
520 1719 673 1782 consessus
682 1737 790 1780 eorum

43 1810 187 1889 Plenius,
201 1825 289 1893 atque
300 1832 387 1874 suurn
401 1813 511 1874 solium
522 1811 606 1895 jubet
616 1813 716 1873 omnis
729 1813 834 1873 adoret

40 1903 213 1982 Parthicus,
226 1906 357 1989 imperio
370 1906 519 1988 subjectus
532 1905 628 1989 regis,
643 1918 674 1967 et
686 1905 768 1966 aulae.

7 1991 10 2010 '
83 1998 168 2062 Saeva
182 1999 343 2062 Danielem
356 1998 471 2073 rabies,
485 2011 573 2078 atque
588 2018 641 2062 ora
654 1999 778 2060 leonum

43 2091 117 2156 Nou
129 2094 251 2178 tetigere
264 2093 373 2174 pium,
387 2092 436 2155 cui
449 2092 577 2153 destinat
588 2093 712 2174 insuper
721 2112 821 2156 escam

43 2183 154 2272 Magna
168 2185 229 2249 Dei
242 2173 357 2269 pietas,
373 2188 475 2270 jejuno
490 2199 617 2267 utroque
630 2186 728 2250 leone.

44 2281 124 2362 Quis
135 2282 226 2365 petit,
237 2294 267 2343 et
280 2281 351 2342 vixit
364 2293 488 2344 venator
500 2281 626 2342 inermis
637 2275 780 2342 arenam?

44 2374 317 2458 Amphitheatrales
329 2374 458 2458 quijnon
471 2387 622 2438 tremuere
634 2375 768 2451 furores,

46 2466 126 2530 Cum
139 2468 303 2550 crepitante
315 2487 391 2530 sono
405 2469 568 2550 productus
580 2469 718 2530 verberat
730 2487 831 2546 auras,

45 2559 176 2646 Longius
187 2561 323 2624 assistens
337 2561 500 2645 massylum
515 2582 551 2623 ex
562 2575 624 2625 arte
638 2562 774 2640 lacessit,

45 2653 151 2717 Lintea
163 2653 239 2717 lluxa
249 2655 384 2718 trabem:
399 2655 544 2717 venabula
555 2656 644 2741 longa
656 2670 794 2720 tenentur

47 2748 166 2833 Poplite
179 2750 324 2825 subnixo,
338 2749 415 2809 duro
428 2751 483 2811 sub
493 2750 574 2831 pelle
586 2751 717 2826 lacerto,

46 2843 219 2928 luguinibus
231 2843 357 2918 strictis,
370 2844 482 2903 nudato
496 2855 621 2923 pectore
632 2845 776 2906 sursum?

48 2936 127 3001 Cum
137 2938 270 3000 residens
284 2937 381 3000 caseis
391 2937 471 2998 inter
481 2937 649 3017 spectacula
659 2937 734 2998 festa

47 3031 125 3093 Vota
140 3032 211 3095 lacit
227 3019 376 3113 populus,
388 3030 489 3092 valido
507 3051 546 3092 ue
559 3029 654 3093 bestia
666 3048 771 3096 morsu

49 3123 202 3210 Sanguinis
214 3126 337 3187 humaui
349 3125 432 3188 sanie
443 3126 562 3207 perlusa
573 3127 732 3194 madescat.

50 3219 177 3299 Quando
191 3221 266 3284 duos
279 3221 393 3304 pariter
402 3219 531 3302 suscepit
542 3239 632 3283 arena
644 3220 765 3296 leones,

752 3317 801 3392 4ο.
