2126 3848
279 303 701 370 nnionnruruurs.
838 309 951 372 ‘303'

68 395 117 457 Et
131 396 188 459 via
202 440 213 473 ‚
226 417 285 478 qua
298 401 402 480 currit,
418 427 478 485 qno
491 407 578 485 terat,
591 411 733 493 aspiciet;

12 489 120 582 Namx
135 493 261 552 mondo
277 493 391 557 innexis
402 520 470 578 pars
485 514 528 563 est
540 525 609 564 curn
621 505 760 589 principe
772 509 876 570 mundi
891 553 901 587 ‚

64 586 111 644 At
125 585 231 647 servis
246 582 357 649 Christi
372 591 468 672 gioria
483 591 621 677 Christus
631 598 697 658 erit.

42 687 48 694 '
293 709 297 718 ·
457 685 520 751 Cl.
561 716 564 724 ·

16 768 220 852 corporeos
233 771 311 833 inter
324 795 426 839 sensus
440 823 450 857 ‚
462 783 702 866 moribundaque
717 789 855 850 membra

63 862 178 924 Multa
191 864 311 927 animus
323 869 435 948 patitur
448 877 545 938 carnis
556 878 594 939 ab
607 878 759 961 bospitio,

21 955 111 1036 Quae
124 958 203 1018 vitae
216 958 253 1018 de
263 979 320 1038 qun
333 963 406 1024 vivit
418 969 568 1029 contraria
580 991 714 1051 quaerens
727 1017 736 1050 ,
754 958 758 968 ⁸

70 1049 159 1111 Vult
173 1050 275 1133 legem
286 1055 394 1116 mentis
407 1059 522 1121 solvere
533 1061 598 1146 iege
610 1084 677 1124 sua:
835 1121 837 1130 s
880 1127 882 1131 .

28 1141 93 1206 Sed
104 1146 248 1226 prudens
260 1149 368 1228 praesul
378 1151 522 1214 famulam
530 1155 648 1217 frenare
656 1158 801 1220 rebellem

67 1235 208 1298 AEterni
224 1241 300 1322 regis
314 1243 406 1305 discat
417 1246 456 1306 ab
470 1249 602 1328 imperio
617 1293 627 1324 ‚
729 1289 732 1302 ·

29 1331 75 1393 Et
87 1351 206 1392 verum
219 1334 369 1415 accipiens
377 1359 487 1420 supero
501 1342 539 1401 de
552 1341 667 1403 iumine
677 1342 801 1421 lumen,

64 1425 214 1487 Noctem
229 1428 343 1508 peccati
359 1431 458 1491 cordis
472 1433 510 1492 ab
523 1435 586 1495 aede
600 1435 696 1518 suget:

27 1519 60 1581 N
65 1540 122 1581 am
139 1519 213 1598 quia
225 1521 424 1584 eunctnDeus
434 1515 515 1586 bona
528 1529 679 1606 condidit,
694 1531 816 1616 ipsaque
829 1535 925 1596 nostri

67 1611 187 1674 Exsiiii
203 1613 284 1695 regio
299 1626 342 1674 est
356 1616 480 1696 pulchra
494 1621 603 1683 decore
614 1642 678 1685 suo.

19 1709 179 1781 Auditus,
196 1707 285 1782 visus,
299 1722 469 1788 contactus,
482 1727 597 1796 gustus,
610 1719 744 1797 odorque

67 1800 215 1862 Praeberi
228 1803 355 1882 gaudent
367 1804 518 1884 undique,
534 1811 613 1887 quod
625 1810 741 1890 placeat
756 1854 767 1884 ‚

15 1895 142 1974 Fitque
154 1913 269 1954 nocens
282 1894 400 1968 homini
410 1901 566 1978 proesentis
578 1893 729 1984 temporis
739 1925 830 1980 usust,

65 1987 101 2048 Si
117 1999 244 2068 ceptum
257 1987 376 2050 blandis
388 1991 533 2053 inferiora
550 1994 653 2076 ligant.
680 1997 681 2006 ’

18 2079 120 2143 Mens
134 2080 227 2164 igitur
240 2083 360 2163 sapiens
372 2105 494 2166 superas
509 2088 623 2147 enitere
638 2089 675 2147 ad
686 2107 768 2149 arces
777 2096 795 2164 ,'

62 2173 110 2235 Et
123 2173 253 2235 summis
264 2175 328 2237 fieri
340 2197 440 2240 suesce
454 2179 542 2240 beata
553 2180 653 2240 bonis.

16 2267 168 2329 Delicias
182 2269 244 2350 inm
256 2289 335 2331 nnnc
347 2273 490 2352 promissi
502 2274 629 2355 concipe
644 2277 737 2358 regni.

66 2359 216 2437 Virtute,
230 2373 317 2442 atque
331 2364 408 2440 fide,
424 2367 505 2445 quod
520 2367 622 2447 cupis,
637 2389 700 2430 esse
713 2382 801 2456 tenes

18 2457 118 2518 Neve
133 2457 173 2516 nd
186 2475 271 2537 spem
282 2457 403 2519 dubium
418 2459 525 2520 frustra
541 2472 569 2521 te
584 2483 704 2524 currere
719 2465 840 2538 credas,

68 2548 104 2610 N
108 2562 203 2610 aturae
216 2550 249 2609 in
265 2547 386 2611 Christo
400 2555 540 2634 prospice
554 2554 616 2616 liba
628 2570 702 2633 tuae,

27 2643 57 2704 A
76 2664 143 2724 qno
156 2657 326 2725 suspectum
340 2645 364 2706 si
378 2657 407 2706 te
420 2665 484 2706 non
497 2647 625 2732 ambigis
639 2671 721 2726 esse,

65 2735 170 2798 Totus
182 2735 275 2797 bomo
288 2738 319 2797 in
333 2737 438 2819 capitis
451 2733 587 2822 corpore'
593 2761 715 2822 semper
728 2741 807 2802 eris:

23 2829 168 2892 Tantum
183 2832 301 2912 utjussa
312 2831 385 2894 veiis
398 2844 471 2893 nutu
483 2834 644 2895 observare
657 2835 808 2911 docentis,

65 2923 157 3003 Qui,
174 2924 254 3003 quod
267 2925 307 2985 ait
319 2927 429 3002 verbo,
444 2928 590 3008 praevenit
603 2929 721 2990 auxilio.
781 2938 789 2944 ”

431 3017 514 3080 Cli.

21 3109 58 3172 in
73 3110 189 3172 deitate
201 3112 309 3193 gradus
323 3133 464 3177 mensura
475 3157 484 3192 ,
497 3127 527 3175 et
539 3127 680 3197 tempora
691 3136 753 3179 non
773 3129 859 3193 sunt,
