2142 3858
161 293 224 368 404
463 295 733 354 crunt-uu.
955 295 1026 354 ets.

152 397 300 472 ⁸dudicia,
312 395 524 481 ingentemque
536 395 682 456 humeros
692 393 770 456 festa
780 409 972 476 prementem

159 491 257 575 Terga
263 511 396 567 crucem,
408 502 496 570 atque
501 507 605 573 graves
611 487 763 550 horrenda
775 489 932 570 adflfnnera
940 513 1031 576 gresue

159 585 252 649 Nunc
265 606 315 646 me
324 605 404 648 nunc
415 602 488 648 vero
501 583 652 644 desertum
664 594 797 643 extrema
809 597 950 647 secutum

160 677 333 763 Supplicia,
347 693 377 742 et
390 678 469 742 dulci
480 676 588 760 procul
599 677 772 761 agenitrice
786 677 921 740 levatum

158 772 284 837 Vertice
291 776 329 836 ad
341 796 433 856 usque
445 773 538 855 pedes
546 790 596 832 me
607 770 700 832 lustra
710 814 718 847 ,
729 791 768 832 en
779 773 885 854 aspice
898 775 993 836 crines

159 865 310 951 Sanguine
322 881 502 943 concretos,
516 879 547 928 et
559 865 787 950 sanguinolenta
797 866 855 928 sub
868 868 946 950 ipsis

158 960 248 1025 Colla
255 962 369 1037 cornis,
383 961 538 1044 spinisque
551 972 641 1042 caput
653 959 827 1023 crudelibus
839 961 977 1024 baustum

157 1049 302 1136 Undique
315 1055 383 1117 dira
395 1054 503 1136 pluens
511 1055 612 1117 rivum
625 1073 717 1136 super
731 1073 786 1115 ora
793 1074 959 1131 cruorem,

159 1148 360 1232 Compressos
370 1147 527 1230 speculare
536 1146 657 1222 oculos,
673 1159 703 1208 et
713 1146 780 1210 luce'
794 1161 954 1225 carentes,

156 1241 350 1324 Afflictasque
361 1261 467 1328 genas,
481 1252 619 1310 arentem
632 1241 751 1321 suspice
764 1239 904 1325 lingnam

156 1335 242 1399 Felle
255 1349 432 1400 venenatam
446 1379 455 1411 ,
470 1348 501 1396 et
513 1333 661 1416 pallentes
673 1334 778 1394 sunere
791 1334 913 1411 rultus,

157 1429 259 1494 Cerne
272 1452 377 1492 manus
390 1429 480 1492 clavis
491 1429 579 1502 lixas,
594 1440 764 1507 tractosque
775 1427 920 1504 lacertos,

154 1525 255 1606 Atque
265 1525 369 1607 ingens
383 1523 468 1585 lateri
481 1521 587 1584 vulnus
601 1541 718 1596 ,cerne
731 1521 801 1584 inde
814 1520 947 1585 fluorem

155 1616 378 1700 Sanguineum,
393 1617 547 1698 fossosque
555 1615 667 1698 pedes,
682 1627 821 1695 artusque
833 1630 983 1680 cruentos.

154 1708 260 1773 Flecte
269 1730 347 1793 genu
359 1752 368 1784 ,
382 1709 557 1794 lignumque
568 1709 666 1772 crucis
676 1709 851 1771 venerabile
864 1711 963 1774 adora

153 1801 299 1881 Flebilis,
313 1803 446 1865 innocuo
459 1816 631 1884 terramque
643 1821 752 1864 cruore
761 1805 938 1867 madentem

155 1894 224 1962 Ore
236 1911 343 1980 petens
355 1897 482 1975 humili,
497 1895 639 1981 lacrymis
652 1893 791 1958 suffunde
803 1898 956 1975 subortis,

157 1990 199 2053 Et
212 2013 262 2056 me
273 1995 491 2072 nonnunquam
503 1992 613 2052 devoto
626 1990 657 2050 in
666 1991 775 2068 corde,
787 2011 933 2074 meosque

72 2153 75 2164 ,
158 2082 222 2146 Fer
234 2086 383 2146 monitus:
397 2099 512 2148 sectare
528 2104 603 2146 mete
616 2082 738 2167 vestigia
750 2084 838 2160 ritae,

153 2177 282 2260 Ipsaque
294 2178 443 2262 supplicia
455 2178 639 2260 inspiciens,
652 2189 845 2259 mortemque
857 2199 991 2243 severam

59 2349 64 2357 ι
154 2271 304 2355 Corporis
316 2273 493 2334 innumeros
506 2289 677 2347 memoras,
690 2272 848 2354 animique
859 2272 979 2336 dolores

152 2365 246 2428 Disce
259 2367 382 2428 adversa
392 2367 474 2448 pati,
488 2377 518 2426 et
528 2363 661 2448 propriae
673 2365 829 2449 invigilare
842 2367 945 2430 saluti.

154 2459 231 2523 Haec
240 2473 436 2521 monumenta
444 2460 498 2521 tibi
508 2504 518 2535 ,
529 2457 554 2521 si
568 2459 687 2539 quando
699 2457 732 2518 iu
747 2472 850 2522 mente
860 2461 975 2544 jurabit

154 2552 305 2630 Volvere,
321 2554 347 2614 si
361 2573 420 2632 qua
432 2554 506 2614 tides
516 2553 620 2613 animo
631 2550 689 2614 tibi
700 2550 782 2614 ferre
793 2573 934 2616 meorum
974 2569 981 2576 ·

17 2645 18 2660 ¹
152 2643 268 2709 Debita
279 2647 305 2708 si
317 2647 431 2730 pietas,
444 2659 473 2708 et
483 2646 577 2731 gratia
587 2647 676 2730 digua
689 2644 831 2708 laborum

156 2739 279 2826 Surget,
292 2741 380 2803 erunt
393 2761 471 2804 verse
482 2739 596 2802 stimuli
609 2736 745 2816 virtutis,
760 2753 909 2822 eruntque

155 2834 262 2898 Hostis
269 2836 301 2897 in
313 2835 436 2896 insidias
450 2834 549 2921 clypei
561 2877 571 2909 ,
581 2833 691 2914 quibus
702 2853 773 2897 acer
784 2837 818 2896 in
831 2835 921 2897 omni

17 2953 18 2956 ¹
152 2925 250 2988 ‘l'utns
261 2928 320 2989 eris
331 2972 340 3004 ,
352 2929 507 3010 victorque
521 2927 599 2989 seres
610 2929 778 3013 certamine
791 2928 936 3011 palmam.

155 3019 232 3084 Haec
242 3036 438 3084 monumenta
451 3037 518 3084 tuos
527 3023 553 3084 si
565 3020 664 3084 labilis
677 3022 759 3084 orbis
770 3023 886 3085 amicos

154 3113 298 3203 Avertent
309 3135 431 3193 seusus,
447 3117 578 3200 fugiente
586 3115 705 3179 decoris
712 3117 755 3178 ab
764 3117 873 3180 umbra
