2142 3858
8 306 80 366 es
332 312 638 382 ussurus,
844 301 905 375 ma

8 411 202 476 Communis
213 411 308 492 eulpae
320 408 423 482 venia,
436 407 486 469 bic
502 406 665 469 clarissima
678 408 716 470 ab
730 408 790 470 alto

8 509 148 570 Reddita
158 508 209 568 lux
221 507 327 579 terris,
341 504 391 565 bie
407 501 488 562 alma
499 499 600 563 salutis
614 501 733 584 imago,

10 602 72 665 llic
85 603 151 664 tibi
165 622 232 662 sum
243 599 361 680 requies
370 596 439 688 ,ria
454 607 552 670 recta,
568 595 738 676 redemptio
754 615 841 672 vera,

8 697 230 776 Vexillumque
244 693 323 768 Dei,
337 692 454 774 signum
464 702 494 749 et
506 689 704 750 memorabile
717 689 778 749 sati.

8 789 51 852 Te
68 803 225 872 propter,
237 789 390 866 vitamque
399 797 483 844 tuam
496 803 563 846 sum
574 780 708 865 Virginis
721 782 823 844 alvum
875 777 878 784 ’

10 885 188 969 Ingressus,
201 905 267 946 sum
280 882 372 943 sactus
384 879 499 952 bomo,
513 887 602 955 atque
614 875 769 938 horrentia
784 895 885 958 passus

9 978 157 1054 Funera,
171 999 228 1040 uec
241 976 375 1057 requiem
388 985 537 1033 terrarum
551 970 583 1028 in
599 968 709 1032 finibus
723 989 847 1051 usquam
873 967 879 979 “

11 1071 141 1148 lureni,
154 1072 206 1132 sed
218 1070 328 1149 ubique
342 1066 460 1139 minas,
479 1063 590 1142 ubique
605 1062 734 1126 labores.

15 1166 157 1228 Horrida
169 1166 268 1248 prima
280 1157 356 1224 mihi
370 1157 500 1228 interris
512 1155 638 1238 magalia
647 1155 671 1214 J
674 1158 743 1217 udae

17 1261 165 1342 Hospitis
176 1260 206 1319 in
219 1269 323 1341 partu,
335 1254 482 1334 sociaeque
492 1250 575 1310 inere
595 1249 713 1329 parenti
726 1271 733 1306 :

18 1351 76 1418 llic
87 1354 170 1416 mibi
181 1353 244 1414 lusa
256 1349 337 1414 dedit
346 1349 435 1408 bruta
449 1345 528 1406 iuter
541 1342 650 1402 inertia
666 1341 802 1422 primurn

19 1449 110 1510 Arida
124 1449 160 1509 in
173 1441 300 1531 angustis
314 1439 499 1526 praesepibus
510 1435 604 1497 herba
622 1434 742 1508 eubile;

18 1541 51 1603 ln
63 1543 184 1627 phariis
190 1542 308 1625 primos
320 1536 378 1602 riri
393 1531 565 1618 regionibus
579 1549 675 1591 annos

21 1636 158 1700 Herodis
168 1658 260 1721 regno
271 1633 433 1717 profugus,
448 1627 640 1712 reliquosque
655 1644 800 1690 reversus-

20 1731 303 1813 Judaeam,semper
314 1724 580 1810 jejunia,semper
591 1732 620 1780 et
631 1719 729 1800 ipsam
825 1723 828 1732 ⁴

21 1824 204 1908 Pauperiem
218 1837 403 1895 extremam,
417 1829 447 1878 et
459 1834 561 1876 rerum
574 1812 718 1872 interiora
732 1824 867 1886 secutus,
962 1867 964 1874 r

22 1917 153 2005 Semper
166 1939 256 2004 egens
268 1912 530 1978 monitisbumana
543 1905 711 1968 salubribus
724 1903 813 1970 almae

22 2013 147 2098 lngenia
156 2015 195 2076 ad
202 2011 333 2075 studium
345 2003 503 2091 probitatis
514 2013 616 2082 aperta
639 1996 751 2060 salubri

24 2103 160 2169 Plurima
172 2107 315 2170 doctrinae
325 2105 482 2186 injungens
495 2091 659 2165 miracula,
674 2109 766 2170 quare

25 2199 124 2286 Impia
137 2200 330 2264 Hierusalem
341 2194 454 2258 rabidis
469 2187 596 2252 exercita
610 2183 689 2276 curis
745 2267 747 2274 Α

27 2294 171 2372 lnridiae,
183 2296 328 2374 saevisque
342 2291 440 2363 odiis,
456 2299 486 2348 et
500 2301 576 2346 crees
590 2279 715 2351 surore,

27 2388 142 2454 lnsonti
154 2403 199 2453 est
212 2389 310 2471 poenis
322 2382 480 2448 lethalibus
493 2397 562 2439 ausa
574 2383 730 2437 cruentam

28 2485 61 2547 ln
75 2507 164 2550 cruce
174 2481 303 2546 terribili
316 2489 449 2540 mortem
464 2471 540 2533 mibi
554 2486 713 2551 quaerere,
729 2464 831 2545 quaesi

29 2579 130 2643 latius
141 2582 205 2662 ipse
216 2577 308 2640 velim
321 2571 503 2654 distinguere
514 2610 522 2640 ,
536 2566 620 2644 sique
630 2580 685 2643 per
695 2562 801 2620 omnes

29 2675 76 2736 lre
87 2679 170 2760 juvet
181 2671 326 2758 gemitus,
345 2683 466 2726 mecum
484 2674 514 2722 et
525 2655 635 2721 sentire
648 2654 788 2727 dolores,

33 2766 167 2852 Collige,
181 2763 324 2837 consilia,
339 2757 512 2829 insidiasve,
528 2751 649 2829 meique
661 2744 826 2806 uelandum

32 2859 187 2947 Sanguinis
198 2857 321 2920 innocui
333 2850 466 2937 pretium
478 2891 489 2924 ,
500 2858 531 2912 et
545 2839 685 2906 simulata
695 2835 812 2904 clientis

32 2953 164 3030 Oscula,
179 2966 209 3015 et
221 2949 346 3012 insultus
360 2990 370 3023 ,
386 2957 416 3007 et
428 2963 512 3004 saevae
524 2935 620 3021 jurgia
634 2930 738 3000 turbae.
766 2967 770 2976 «
808 2971 811 2978 ·

32 3049 321 3130 Verberapraeterea
333 3054 364 3104 et
373 3047 550 3123 promptas,
560 3042 590 3090 et
606 3027 643 3087 ad
655 3023 784 3088 crimina
799 3022 901 3106 lingua

32 3141 103 3229 Pige
117 3142 238 3219 auimo,
254 3151 284 3200 et
294 3149 404 3213 testes,
419 3143 449 3194 et
462 3119 672 3210 eaecirmianda
684 3115 773 3180 Pilati
