2198 3844
56 302 142 385 etp
283 311 724 370 cunuuuotscnune.
902 304 950 364 sn

55 405 258 485 Arboreisque
272 407 387 482 comis,
399 407 480 469 Jam
486 431 566 470 nunc
578 408 758 490 exgermine
771 418 885 468 vestro

57 499 183 574 Nullus,
196 500 256 573 ait,
272 499 383 560 fructus
396 501 543 580 reliquum
556 514 716 584 generetur
730 502 762 561 in
777 521 897 562 aevuuc

9 595 11 606 ’
59 583 229 652 Confestim
243 591 418 653 viduata
375 614 446 652 sors
450 595 575 656 ficulnea
589 594 683 655 succis

57 683 159 760 broit,
173 698 203 744 et
216 685 303 746 siccis
316 687 482 792 permansit
495 699 615 748 mortua
627 687 730 746 ramis.

59 775 165 837 Omnis
180 777 263 837 enirn
277 779 452 858 quicunque
459 778 530 840 Deo
544 779 587 840 nit
600 778 698 839 fert-ibe
707 779 835 856 nutrit,

61 867 119 930 Ceu
131 870 241 930 sterilis
254 883 375 932 truncus
383 871 667 954 ,fignisaequabitnr
681 871 763 931 ustis.

58 961 114 1021 Δι’
104 977 199 1045 justus
210 963 320 1042 pafmae
331 965 438 1024 similis
449 963 570 1025 florebit
583 985 710 1026 amoenae
723 1007 732 1038 ‚

57 1053 183 1137 Semper
194 1057 309 1117 babens
322 1057 458 1135 frondes,
480 1072 509 1119 et
525 1071 667 1138 tanquam
684 1054 803 1117 Libana
815 1057 920 1153 cedrus
929 1098 952 1133 ,,

54 1147 301 1232 Multiplicandus
313 1153 412 1226 adest,
425 1165 454 1212 et
466 1153 576 1214 vertice
588 1153 694 1212 sidera
690 1151 816 1231 tangit.

93 1240 167 1304 Post
181 1244 336 1304 oblatus
310 1265 340 1304 er
352 1246 490 1305 virtutem
501 1246 600 1304 sensit
615 1241 758 1303 herilem

55 1335 176 1397 Insanus
189 1357 329 1397 sermone
341 1357 462 1413 carens,
478 1357 569 1420 quern
586 1335 722 1397 faucibus
735 1334 838 1396 arctis

54 1429 232 1513 Angebat
204 1451 253 1490 vos
262 1429 359 1491 clausa
372 1431 444 1490 maii
453 1431 643 1508 ‚vitiumque
657 1429 795 1490 tacendo

55 1521 245 1583 Prodiderat.
259 1521 320 1584 Sed
333 1537 439 1584 cuncta
452 1523 554 1583 solens
563 1523 683 1583 infirma
698 1511 796 1586 levare

57 1613 227 1690 Conditor,
244 1616 363 1677 obsessa
375 1615 492 1697 pepulit
501 1615 634 1676 defaure
648 1615 822 1690 latronem,

52 1708 93 1770 Et
105 1711 174 1771 voci
187 1709 327 1789 patefecit
338 1711 414 1786 iter,
426 1730 561 1788 nexuque
575 1709 687 1770 soluto

53 1802 139 1864 Muta
151 1803 203 1862 diu
218 1801 319 1864 tacitas
335 1803 440 1863 effudit
453 1802 552 1886 lingua
567 1803 712 1882 loquelas·
806 1813 807 1816 ’
883 1837 888 1846 ·

93 1894 169 1956 Post
182 1895 333 1956 Dominus
350 1894 496 1956 Pharisaea
509 1909 613 1976 petens
627 1895 765 1968 convivia
777 1915 886 1971 coenes,

54 1989 182 2051 Orantis
195 1989 322 2068 dapibus
335 2009 401 2050 sese.
412 1989 578 2069 impertivit
589 1989 688 2050 amici.

53 2082 140 2143 'l'onc
156 2082 284 2155 mulier,
300 2102 391 2160 quem
403 2082 488 2144 fama
497 2102 625 2156 nocens,
646 2095 676 2142 et
689 2081 820 2161 plurima
833 2081 900 2144 vita

53 2174 239 2236 Mordebant
249 2175 441 2250 delictam,
454 2175 614 2238 ctemeotia
626 2173 759 2255 supplex

55 2265 180 2330 Cbrruit
190 2266 374 2347 amplectens
387 2266 525 2350 vestigio,
541 2289 664 2346 quinque
676 2267 813 2347 profusis,

54 2361 161 2444 Irrigat
174 2361 350 2422 incumbens
361 2361 520 2444 lacrymis,
535 2374 565 2421 et
577 2361 661 2434 crine
670 2360 781 2420 ¹soluto

55 2453 86 2514 N
90 2477 125 2516 ee
137 2468 253 2537 tergere
265 2473 380 2528 sacras,
392 2475 449 2516 nec
461 2469 553 2514 cessat
566 2454 700 2515 lambere
713 2453 849 2534 plantas,
865 2509 867 2515 s

55 2547 221 2630 Unguento
235 2547 382 2628 fragrante
395 2548 517 2622 fovens,
532 2549 677 2624 sententia
691 2549 788 2612 donec

57 2640 138 2704 laerta
148 2639 229 2713 Dei,
243 2640 429 2717 qnemfcrte
438 2659 561 2702 menum
573 2661 637 2706 non
651 2641 778 2721 poenitet
789 2657 941 2719 unquams

58 2733 90 2794 si
103 2755 158 2794 nos
172 2734 314 2814 poeniteat
324 2746 462 2794 veterem·
470 2735 605 2812 quesisse
619 2736 759 2806 ruinam,

58 2827 162 2902 Vade,
177 2827 266 2900 fides,
282 2826 406 2900 mulier,
422 2840 470 2886 tue
485 2827 645 2890 tesalvavit
661 2829 699 2888 ab
712 2825 824 2901 omni,.

55 2920 204 2995 Dixisset‚
220 2921 419 2999 quodcunque
434 2920 505 2979 mali
516 2921 636 3004 gessisse
649 2921 777 2981 videris:
811 2951 814 2956 ¹

57 3013 151 3074 Utere
168 3033 239 3093 pace
254 3011 458 3094 mea..Magna
471 3028 514 3074 est
529 3015 676 3098 medicina
689 3014 795 3086 fateri,
879 3069 881 3074 .

57 3107 151 3194 Quod
165 3119 254 3172 nocet
266 3106 409 3174 abscondi
420 3108 586 3186 equoniam
598 3107 786 3190 suavolnero
797 3103 915 3179 nutrio,
928 3158 931 3168 ,
