2198 3844
147 312 188 388 54
390 321 540 376 GAELll
574 321 779 376 SEDULll
919 310 1047 394 v.137.

145 417 220 480 Non
233 427 353 501 poterat
366 415 510 491 famulus,
521 415 659 478 Domino
672 415 832 490 clamante,
851 427 971 494 tacere,

145 513 231 590 Nec,
246 513 305 574 rita
314 523 479 594 presente,
494 511 584 572 mori.
595 509 627 570 Μ
633 531 667 569 ox
680 509 798 592 agmine
808 529 894 594 verso
905 553 922 585 p
1090 483 1095 573 l

146 605 314 685 Deponens
326 606 478 685 trepidum
492 604 624 665 recidivo
638 604 758 663 tramite
774 601 903 679 luctum,

135 739 136 746 κ
149 698 289 762 Candida.
298 697 419 760 felicem
433 698 582 759 revocarit
591 717 706 778 pompa
716 708 882 777 parentem.

189 791 258 864 Nec
272 793 326 852 tibi
340 810 431 872 parva
444 789 536 866 salus,
552 791 698 851 Domino
706 787 897 867 medicante,
912 787 1029 851 Maria
1041 835 1055 868 τ

148 885 315 966 Multiplici
328 885 432 945 laesum
444 884 558 946 curarit
568 884 699 946 vulnere·
707 901 847 958 sensum,

123 995 126 1000 ·
150 977 255 1059 Quam
266 978 330 1038 fera
342 978 475 1059 septenis
486 977 584 1039 rabies
598 978 745 1039 invaserat
756 976 864 1051 annis,

148 1071 331 1132 Daemonico
344 1085 468 1133 cuneata
480 1071 571 1154 globo
582 1093 590 1141 3
608 1072 660 1132 sed
673 1089 831 1150 squameus
844 1068 954 1152 anguis

149 1164 322 1244 imperiosa
335 1164 411 1225 sacri
425 1165 540 1252 fugiens
552 1163 695 1224 miracula
707 1161 816 1238 rerbi‚.

152 1255 255 1320 Corde
265 1271 316 1318 tuo
329 1257 469 1339 depulsus
477 1255 558 1332 abit,
573 1256 768 1336 volucresque
782 1273 943 1336 perauraa

150 1350 189 1412 ln
199 1351 289 1412 cbaos
299 1350 425 1410 infernae
438 1349 537 1430 lapsus
549 1349 702 1430 penetrale
716 1349 882 1432 gehennae„

153 1441 279 1525 Septem
293 1445 396 1527 ingens
408 1463 514 1527 gyros,
527 1457 649 1524 septena
663 1443 817 1503 volumina
829 1442 925 1503 traxit.

194 1535 283 1599 Neve
295 1539 511 1600 redundantem
523 1536 675 1598 cumulato
686 1535 822 1619 germine
833 1554 971 1598 messem·

155 1628 278 1713 Exiguis
290 1630 445 1692 Dominus
456 1631 568 1692 sineret
578 1630 718 1712 languere
729 1629 863 1704 colonis,

153 1723 388 1804 Discipulosque
400 1724 497 1801 alios,
506 1745 636 1803 quorum
650 1743 735 1786 mens
749 1722 974 1799 consciarecti,

153 1814 294 1896 Puraque
302 1817 496 1897 simplicitas,
508 1835 655 1893 numero,
670 1816 842 1895 meritoque
855 1815 1038 1899 refulgens,

153 1909 258 1997 Aurea
269 1910 346 1970 libra
359 1910 433 1983 suit,
448 1907 528 1969 velut
541 1929 633 1991 agnos
647 1908 784 1990 praecipit
794 1911 873 1970 inter

157 1998 344 2085 Sanguineos
353 2021 517 2084 properare
530 2001 640 2084 lupos:
654 2002 827 2079 Assumite‚·
837 2003 941 2065 dicens
951 2043 966 2078 ,ἵ

156 2095 234 2156 dura
245 2096 418 2176 potestatis,
431 2094 548 2156 nullum
561 2095 698 2156 metuatis
711 2109 744 2156 ut
753 2095 889 2166 bostem-3

156 2186 364 2268 vipereasque
379 2189 475 2248 minas
487 2231 497 2264 ,
511 2201 542 2249 et
554 2189 696 2270 scorpion
708 2233 717 2264 ‚
729 2202 818 2270 atque
831 2187 962 2252 inimica

53 2319 57 2328 «
160 2269 504 2342 Omniarirtutissensu
518 2280 732 2342 calcatefideli.

158 2371 254 2434 Nulla
267 2374 343 2434 meis
356 2374 476 2436 famulis
484 2374 586 2434 feritas
599 2376 722 2436 adversa
734 2375 865 2438 nocebit.

161 2465 191 2526 N
194 2485 229 2527 ec
240 2467 426 2529 tantum-boc
437 2469 580 2550 gaudete,
592 2468 669 2545 viri,
683 2469 766 2548 quod
781 2470 904 2550 spiritus
914 2467 981 2530 ater

160 2556 317 2641 subjaceat
332 2561 435 2638 vobit,
451 2573 596 2641 qnantum
607 2564 690 2642 quod
702 2564 936 2626 nominarestra

162 2649 289 2736 Scripsit
300 2655 331 2714 iu
344 2668 456 2716 aeterno
471 2649 599 2718 coelestis
611 2653 711 2716 littera
726 2655 815 2716 libro.
859 2681 868 2700 ¹

161 2746 219 2807 Jus
231 2761 275 2808 est
287 2748 401 2829 quippe
414 2747 498 2822 Dei,
512 2749 605 2810 vitam
619 2769 799 2831 praeponere
812 2747 906 2815 factis.

161 2839 245 2900 Nam
258 2842 368 2901 merito
382 2853 513 2902 cessante
525 2842 627 2917 bono,
642 2841 791 2904 miracula
800 2841 845 2902 nil
856 2853 940 2916 sunt,

163 2933 241 3013 Qun
254 2934 365 2995 faciunt
378 2935 556 3016 plerumque
571 2935 663 3010 mali,
679 2936 788 3016 quibus
802 2935 915 2996 arbiter
926 2933 1044 3014 orbis,

162 3026 277 3092 Nescio
291 3049 361 3102 ros,
375 3029 506 3089 dicturus
521 3028 595 3105 erit,
611 3029 774 3106 discedite,
790 3028 890 3090 cuncti

148 3113 300 3186 'Artifices
311 3121 478 3200 scelerum,
492 3121 581 3186 nebus
593 3123 645 3204 qui
658 3141 781 3206 semper
793 3121 914 3202 iniquis⁴
