2198 3844
75 337 78 344 '
142 327 181 392 18
402 336 538 390 -cAEntt
571 337 752 391 sunum
908 327 1033 412 t.137:

138 435 238 520 AEgra
250 434 365 515 jacebat
378 433 461 511 aquis
477 476 486 508 ,
501 452 560 511 qua
572 453 639 514 spes
653 431 750 493 ablata
762 430 905 509 bibendi,

139 528 331 607 Vivenclique
342 526 419 601 luit,
433 526 543 586 subitas
554 539 659 587 arente
672 524 795 586 metallo

141 621 252 683 Hausit
265 639 369 700 aquas,
383 620 535 698 sterilique
548 620 624 679 latex
637 621 674 680 de
689 641 762 699 rupe
773 620 919 694 cucurrit,

140 714 182 775 Et
192 718 292 797 jejuna
305 734 417 775 norum
434 727 611 775 vomuerunt
621 732 773 774 marmora
785 725 900 794 potum.

142 807 203 868 His
216 809 304 891 igitur
313 811 374 888 jam
385 828 468 868 sacra
481 809 575 868 tribus
587 809 659 868 dans
673 827 799 868 munera
811 825 919 883 renus,

145 899 283 962 Christus
295 913 357 961 erat
366 901 470 982 panis,
484 899 621 962 Christus
631 913 733 982 petra,
745 897 881 962 Christus
888 899 920 960 in
929 899 1031 960 undis·

179 993 336 1078 llngelicis
350 995 522 1056 tremefacta
536 995 625 1054 minis
639 985 745 1056 affatur
754 995 844 1056 asella

144 1085 300 1148 Sessorem
312 1109 369 1170 per
379 1087 473 1149 verba
484 1103 588 1162 suum,
601 1089 757 1172 linguaque
771 1087 894 1150 rudenti

142 1177 247 1241 Edidit
260 1182 404 1242 humanas
417 1181 529 1242 animal
541 1184 669 1263 pecuale
678 1183 820 1264 loquelas.

187 1273 241 1334 Sol
253 1276 333 1336 stetit
344 1277 382 1336 ad
396 1276 542 1351 Gabaon,
559 1278 710 1358 mediique
725 1276 880 1340 cacumine
890 1274 966 1339 eceli

143 1363 223 1427 Fixit
234 1367 422 1430 anhelantem
435 1371 527 1430 dilato
539 1391 663 1452 vespere
677 1372 792 1446 locem,

143 1457 285 1520 insolitus
299 1460 415 1522 frenare
426 1462 523 1538 diem,
537 1484 594 1526 nec
607 1465 677 1525 luna
690 1465 821 1527 cucurrit

145 1548 265 1614 Ordine
277 1553 360 1636 pigra
373 1575 444 1631 suo,
460 1558 557 1618 donec
571 1557 782 1638 populantibus
795 1556 904 1631 armis,

145 1641 292 1706 Ferridus
305 1647 456 1730 ingentem
468 1649 581 1731 gladius
593 1665 780 1712 consumeret
788 1651 927 1732 hostem,

147 1735 333 1820 Conjurante
344 1742 418 1822 polo
430 1767 437 1803 ι
451 1746 511 1825 jam
523 1756 593 1807 tunc
607 1745 748 1806 famulata
761 1746 903 1820 videbant

146 1828 252 1892 Sidera
262 1847 420 1895 venturum
431 1879 439 1910 ,
455 1838 611 1916 praemisso
623 1839 748 1898 nomine
759 1883 769 1912 ,
780 1836 892 1899 lesum.

189 1923 312 1986 Heliam
326 1921 408 1989 corui
421 1931 577 2007 quondam
588 1949 696 2008 pavere
710 1930 868 2004 ministri,

144 2013 317 2081 Praebentes
329 2020 393 2081 sine
406 2041 495 2080 more
506 2021 615 2102 dapes,
629 2009 756 2100 alesque*
764 2022 878 2103 rapinis

143 2107 286 2186 Deditus,
302 2125 388 2192 atque
400 2114 487 2174 avido
500 2126 632 2174 saturans
646 2133 717 2176 cara
729 2128 846 2197 pectora
856 2127 972 2191 rostro,

144 2202 281 2263 Tradidit
292 2206 414 2265 illaesam
423 2206 532 2287 jejunis
545 2208 695 2268 morsibus
706 2229 814 2269 escam.

145 2295 238 2358 Nunc
250 2298 349 2358 bonos
361 2298 477 2374 lleliae,
491 2301 544 2380 qni
557 2301 686 2381 perfidus
700 2316 786 2363 antea
801 2301 890 2380 Noe,

146 2388 252 2449 Abluit
264 2390 295 2449 in
308 2392 413 2466 terris,
428 2392 574 2472 quidquid
586 2395 711 2475 deliquit
721 2398 751 2455 in
765 2397 861 2457 undis.

147 2477 259 2544 Plenus
271 2497 301 2543 at
313 2483 364 2546 ille
374 2483 461 2561 Deo,
475 2499 633 2568 postquam
645 2490 787 2552 miracula
797 2491 885 2562 terris

148 2570 240 2635 Plura
253 2577 351 2651 dedit,
363 2580 537 2660 meritisque
548 2581 608 2643 auis
617 2585 775 2645 succedere
789 2584 912 2668 dignum

149 2666 304 2731 Heredem
316 2674 448 2755 propriae
461 2675 531 2738 lecit
542 2677 658 2738 virtutis
670 2678 816 2754 amicum,

147 2759 247 2825 Aurea
257 2767 449 2850 flammigeris
461 2783 578 2833 erectus
589 2773 620 2831 in
634 2784 709 2832 astra
720 2771 888 2856 quadrigis,

149 2854 221 2936 Qua
233 2858 306 2920 levis
314 2861 458 2923 aethereos
470 2883 532 2925 non
545 2865 684 2945 exprimit
696 2866 794 2926 orl'sita
806 2865 922 2942 sulcos,

149 2943 307 3014 Sidereum
319 2956 486 3035 penetrarit
498 2957 574 3034 iter,
589 2979 737 3039 curruque
751 2978 874 3021 corusco

146 3037 328 3108 ‘Dexteriora
340 3061 462 3129 petens,
474 3051 571 3131 spatio
584 3055 699 3135 majore
711 3053 898 3134 triumphum

149 3135 261 3220 Duxit,
275 3154 304 3204 et
316 3141 439 3206 humani
453 3157 565 3208 metam
576 3165 640 3209 non
652 3147 776 3231 contigit
786 3146 851 3210 aevi.
