2198 3844
157 349 198 414 62
403 361 557 418 cmm
584 365 792 422 SAEDULH
847 376 852 388 '
953 363 1048 454 mig.

159 455 343 520 Sufficerent·
351 458 450 541 magni
463 458 528 518 fuso
542 479 599 538 pro
610 460 752 543 sanguine
768 459 897 542 Ch'risti',

159 549 225 633 Qui
239 564 325 633 pater
338 564 381 612 est
389 553 495 612 mundi
504 597 513 626 ‚
523 552 574 632 qui
586 553 699 615 lecerat
708 555 787 618 hunc
796 578 915 642 quoque
929 563 1022 632 nasei

157 645 386 725 Atqueutinum
399 645 492 706 sterili
505 643 767 710 demnatus‘matre
777 652 933 732 nequisset,

156 737 299 820 Natalem
312 740 422 801 sentire
434 741 534 816 diem,
547 762 603 803 nee
616 741 739 803 luminis
751 743 846 826 hujus·

157 830 314 894 Hausisset
325 833 454 914 placidas
464 832 567 896 flabris
578 833 716 898 vitalibus
727 856 813 900 auras

155 924 290 988 AEterno
303 940 427 1008 torpore
441 927 557 1003 latens„
569 928 739 1009 miseroque
753 930 855 993 fuisset

157 1017 232 1081 Sors
245 1020 355 1082 melior
368 1022 483 1082 nescire
497 1022 596 1082 dutum
609 1067 618 1099 ‚
631 1012 721 1102 quem
734 1025 860 1104 perdere
875 1027 998 1107 ritamss

154 1113 217 1176 Aut
228 1115 306 1176 male
318 1113 517 1192 fususltumo,
529 1117 687 1178 confestim
698 1138 824 1178 munera
837 1119 911 1183 lucis

155 1206 317 1284 Perderet‚
331 1221 362 1268 nt
373 1208 489 1292 pulvis,
504 1231 595 1290 quem
605 1224 709 1274 ventus
721 1212 841 1294 projicit
852 1215 958 1299 ingens

155 1301 273 1365 Alaeie
286 1315 372 1364 terrae
385 1347 394 1378 ,
409 1304 580 1384 rapidisque
593 1304 739 1366 volatibus
751 1318 831 1372 actus

155 1393 311 1479 Spargitur
322 1397 354 1456 in
367 1417 472 1458 vacuas
483 1396 601 1457 nebulis
614 1397 771 1460 obscurrttr
784 1399 914 1463 umbras.

194 1488 283 1552 Tune
293 1503 430 1563 eruente,
443 1491 543 1565 ferox,
557 1493 669 1568 audax,
684 1492 808 1570 insane,
825 1493 945 1558 rebellis
955 1537 974 1574 ,.

152 1582 293 1659 Perfida,
307 1583 452 1661 crudelis,
467 1583 553 1644 fallax
564 1628 572 1659 ‚
585 1585 716 1662 venalis,
728 1587 851 1668 inique,
905 1613 913 1620 ·

112 1711 117 1727 ·
152 1677 296 1752 Traditur
307 1677 450 1752 immitis,
464 1679 527 1738 lere
540 1679 697 1758 proditor,
711 1681 806 1761 impie
820 1681 918 1760 latro,

152 1768 285 1835 Praerius
298 1771 457 1854 horribiles
470 1771 622 1833 comitaris
635 1773 757 1856 siguiler
768 1777 874 1835 enses?

152 1864 394 1949 Sacrilegamque
403 1866 517 1939 aciem,
531 1865 653 1946 gladiis,
666 1867 844 1948 sudibusque
853 1869 1020 1932 minacem

151 1958 385 2044 Cum'moveas,
401 1979 454 2018 ore
468 1977 520 2019 ora
534 1960 664 2039 premis,
680 1960 823 2040 mellique
835 1983 994 2024 venenum
1088 1973 1089 1982 ¹

150 2053 264 2117 luseris
272 2098 289 2129 ‚s
297 2066 325 2114 et
336 2052 445 2117 blanda
459 2051 630 2113 Dominum
642 2054 697 2114 sub
708 2055 836 2137 imagine
850 2057 976 2135 prodis?

151 2145 237 2228 Quid
249 2147 365 2208 socium
376 2145 515 2219 simulas,
531 2146 783 2210 etumicesraude
796 2148 924 2210 salutas?

149 2239 296 2320 Nunquid
308 2238 455 2300 terribiles
467 2251 521 2298 aut
529 2257 586 2319 pax
597 2240 776 2320 conjuratio
791 2260 896 2316 enses,

148 2334 211 2396 Aut
223 2331 388 2394 truculenta
401 2332 453 2412 pio
464 2331 553 2413 lupus
566 2331 666 2394 oscula
680 2334 805 2417 porrigit
819 2353 894 2416 agno
905 2335 929 2395 i’

189 2426 330 2486 'l'raditus
343 2444 413 2511 ergo
426 2425 497 2487 viris
507 2439 648 2508 operator
661 2439 777 2487 sanctus
791 2427 916 2504 iniquis,

149 2517 409 2589 Consuetamnon
422 2517 629 2607 liquit-opem,
644 2539 798 2599 pueroque
813 2519 961 2582 revulsum

146 2611 228 2680 Ense
242 2611 344 2687 Petri,
359 2632 457 2691 nequa
468 2611 535 2692 pius
547 2607 564 2670 n
577 2613 688 2692 pietate
698 2601 815 2672 reseret
829 2655 838 2685 ‚

148 2704 292 2772 Reddidit
304 2705 467 2766 auriculam
481 2728 488 2763 :
501 2725 560 2766 nec
572 2706 655 2765 enim
666 2705 796 2767 vindicte
808 2703 950 2765 Tonanti·

105 2815 108 2820 ’
149 2797 342 2860 Conveniens
351 2799 481 2859 humanu
492 2797 567 2872 suit,
581 2798 637 2875 qui¹
647 2797 742 2857 millia
755 2809 881 2879 patrem

70 2922 79 2934 ·
146 2891 303 2974 Angeliens
314 2893 434 2954 sibimet
443 2891 712 2972 legiones-poscere
722 2903 822 2970 posset

144 2981 218 3046 Plus
231 2985 369 3045 duodena
381 2983 463 3057 dari,
479 2982 619 3044 si'mnllet
630 3003 749 3044 sumere
761 3003 864 3064 poenas

145 3076 195 3138 De
208 3079 340 3152 meritis,
356 3095 445 3156 quam
458 3089 564 3157 sponte
577 3095 642 3138 suas
656 3077 808 3160 ignoscere
822 3076 929 3159 plagas.

144 3167 234 3246 'lune
243 3172 325 3267 nurci
338 3189 481 3244 mucrone
494 3169 594 3262 jubet,
608 3170 678 3253 quia
690 3168 890 3254 veneretipse
