2126 3848
85 235 89 244 ⁸
159 249 217 345 27'2
415 273 773 328 u.t>tt0st›uut

157 365 308 451 Necfugit
321 369 425 432 infecti
436 368 559 432 sceleris
570 387 655 431 ment
668 385 761 448 prava
773 381 910 444 reatum,

168 495 172 501 ·
199 458 257 524 Cui
272 463 363 524 nimis
375 464 434 527 hoc
446 463 566 539 solum,
581 463 663 542 quod
675 462 784 540 voluit,
802 466 918 528 nocuit.

152 647 279 711 Naturae
291 653 424 732 quisquis
436 652 570 734 propriae
582 671 645 712 nou
656 651 774 730 spernis
787 651 942 714 honorem

192 742 229 805 lu
243 766 421 827 quocunque
434 746 613 821 hominurn,
627 765 693 822 quae
704 757 754 804 tua
767 745 891 821 noscis,
908 767 998 808 ama.

153 834 206 900 Sic
220 853 338 915 tamen,
352 854 383 899 ut
396 861 505 921 pravos
517 840 590 900 vitet
603 839 766 914 concordia
778 860 904 914 mores,

194 929 347 1013 Nullaque
361 934 420 994 sint
431 935 514 1014 pacis
525 933 636 996 foedera
645 953 714 996 cum
726 933 815 994 vitiis.

150 1025 304 1107 Namque,
318 1029 399 1108 quud
407 1029 528 1106 artificis
540 1027 650 1091 summi
660 1027 731 1092 tecit
742 1047 870 1104 manus,
881 1051 980 1094 unum
989 1045 1044 1102 est,

191 1121 327 1202 Quaeque
340 1137 461 1184 auctore
475 1123 558 1183 hono
572 1121 692 1183 condita
705 1134 789 1197 runt,
804 1122 893 1184 bona
906 1137 989 1186 suut.

147 1214 295 1276 Divinum
309 1216 339 1276 in
351 1215 434 1278 nullo
448 1217 624 1300 figmentum
636 1216 827 1296 despiciatur.

189 1307 262 1369 Sola
277 1309 362 1370 mulis
375 1311 588 1372 studiisaddita
599 1330 661 1372 nun
675 1308 822 1397 placeant.
876 1369 878 1374 .

145 1494 296 1556 AEteruua
308 1519 379 1558 vere
393 1511 436 1556 est
445 1496 526 1557 solus
541 1495 624 1558 Deus
638 1497 873 1572 omnicreator,

87 1637 89 1644 .
185 1588 257 1650 viu
267 1591 299 1650 iu
312 1611 344 1652 se
358 1591 463 1654 virens
473 1600 632 1672 permanet
645 1610 725 1666 esse,
741 1591 824 1668 quorl
835 1605 895 1652 est.

97 1710 105 1722 ·
145 1681 217 1746 Hoc
224 1698 308 1764 pater
318 1729 328 1761 ,
340 1685 399 1746 hoc
407 1686 535 1746 verbum
548 1684 725 1765 patris,hoc
734 1697 777 1744 est
787 1685 921 1765 spiritus
933 1687 1039 1758 almus,

185 1763 447 1858 Quorum-natura
461 1792 506 1840 est
517 1799 575 1840 una
586 1823 595 1852 ‚
609 1779 773 1857 eademque
784 1778 892 1840 simul.

143 1870 175 1933 N
178 1892 217 1932 on
229 1887 361 1954 coeptum
369 1915 379 1947 ‚
387 1884 437 1934 aut
445 1885 561 1948 actum,
576 1893 638 1934 non
650 1872 699 1934 hic
711 1871 855 1934 mutabile
869 1876 1020 1956 quidquid
1058 1889 1059 1899 ¹

312 1979 373 2042 est,

185 2058 279 2142 Quod
290 2062 394 2122 subeat
406 2060 488 2144 teges
499 2062 661 2140 temporis,
676 2074 725 2122 aut
737 2060 870 2122 numeri.

144 2155 248 2216 Virtus
257 2156 417 2237 praeteritis
428 2154 532 2236 prior,
547 2154 729 2234 ulteriorque
742 2154 848 2216 suturis

183 2249 239 2309 Nil
253 2249 508 2332 recipiundum,
523 2248 566 2308 nil
580 2248 670 2310 hahet
682 2248 851 2310 occiduum.

142 2342 224 2403 Nam
238 2362 330 2421 quas,
348 2357 378 2404 ut
392 2342 503 2416 voluit,
520 2362 621 2404 rerum
631 2342 778 2423 sapientia
788 2342 871 2406 lecit.

179 2434 252 2495 Vita
267 2434 390 2512 quidem
404 2435 506 2496 multis
520 2435 650 2516 praestita
659 2448 805 2518 perpetua
819 2450 885 2512 est,

141 2526 201 2590 Sed
215 2527 412 2606 quodcunque
424 2540 523 2608 potest
532 2549 596 2590 sese
609 2528 738 2610 amplius
750 2542 799 2590 aut
812 2530 919 2594 miuus
933 2556 1011 2608 esse,

181 2620 417 2700 Quadratum,
433 2621 491 2702 ipsi
505 2625 587 2701 quod
600 2623 714 2699 fuerat,
730 2624 869 2686 moritur.
1052 2697 1053 2704 p

139 2715 191 2780 Sic
205 2717 279 2780 nihil
292 2731 457 2792 aeternum,
470 2718 551 2796 quud
566 2718 781 2780 commutabile
792 2719 909 2782 lactum
923 2739 987 2798 est,
1052 2705 1053 2715 ἵ

182 2810 357 2890 Cunctaque
373 2813 454 2892 quod
465 2825 603 2894 superat,
617 2833 738 2894 semper
752 2814 834 2876 idem
848 2813 940 2880 Deua
954 2831 1004 2882 est.
1051 2827 1052 2851 ¹

137 2997 235 3060 Multa
247 2997 298 3058 diu
311 2999 421 3061 summi
434 2999 537 3062 diflert
550 3000 694 3082 patientia
703 3001 802 3084 tegis,

179 3087 370 3171 suspendens
383 3095 459 3173 aequi
473 3096 608 3176 pondera
620 3095 744 3179 judicii,
