2172 3862
158 308 220 384 460
442 319 771 374 nnlconrrr
939 306 1075 400 o733.¹

160 415 225 494 Qui
237 413 318 475 dedit
329 413 439 497 elysios
449 414 552 496 justis,
566 427 596 476 et
605 426 714 476 tartara
723 411 845 494 pravis,
1074 485 1075 488 Ἴ

10 523 14 532 “
67 497 84 576 ’,
158 505 222 584 Qui
237 507 382 586 placidis,
396 507 537 586 saevisque
549 507 632 588 jobet
643 506 808 586 procedere
817 503 944 582 solem,
1059 497 1075 580 l

75 633 79 638 =
154 597 195 658 Et
208 599 329 675 lunam,
343 600 615 684 stellasquevagas,
630 599 768 670 etsidera
781 611 913 672 cuncta,
1074 581 1075 608 ³

155 688 292 774 Imperat
303 704 333 754 et
345 691 460 774 pluvias
471 693 555 754 nullo
568 692 741 762 discrimine
752 688 848 754 fundi.

154 783 225 846 Nec
237 784 352 846 ratione
365 798 447 847 caret
456 783 740 868 pietas-generaliter
752 801 832 858 una,

154 875 332 939 Mercedem
342 877 443 959 justis,
458 878 575 960 injustis
586 896 713 938 munera
726 875 814 938 uobis
880 883 885 890 ’

153 967 316 1052 Prorogat,
331 981 363 1030 ut
375 968 423 1030 rel
434 969 477 1031 sic
488 986 544 1032 nos
557 982 767 1034 convertamur
779 969 817 1028 ad
830 967 931 1030 illuni.

153 1060 274 1124 lllectos
284 1063 389 1136 donis,
401 1081 463 1124 non
478 1049 579 1141 poenis
588 1074 682 1124 mutat
694 1061 822 1123 adactos.

203 1152 365 1237 Exspectat
375 1155 427 1234 pia
437 1165 505 1215 rota
519 1153 624 1228 Deos,
637 1175 700 1214 non
712 1155 798 1214 thura
811 1155 958 1234 requirit,

152 1244 288 1308 Victima
301 1247 364 1308 sola
376 1247 474 1330 placet
486 1259 618 1330 purgatae
632 1247 740 1308 ruentis
754 1247 908 1308 honestas.

153 1337 224 1401 Nec
232 1353 332 1402 tamen
346 1341 500 1423 expensis,
514 1341 566 1400 sed
581 1360 658 1420 puro
671 1339 764 1410 corde
774 1338 918 1400 litandus.

155 1431 283 1496 Pectore
297 1433 459 1507 contritos,
471 1433 596 1515 genibus
608 1453 676 1502 curn
688 1445 811 1512 pectore
823 1429 940 1507 llexos,

155 1523 399 1608 suppliciterque
412 1547 481 1588 suos
492 1527 657 1606 pandentes
669 1523 788 1586 lletibus
800 1537 884 1586 actus

153 1615 282 1678 Exaudit
296 1642 303 1677 :
319 1638 388 1678 nam
403 1619 428 1678 si
440 1619 509 1697 quis
518 1619 574 1680 erit
584 1618 742 1692 miseratus
754 1619 889 1700 egentis,

154 1707 275 1770 Texerit
285 1711 315 1770 et
327 1712 441 1784 nudos,
457 1711 565 1792 inopes
578 1710 763 1785 defenderit,
778 1711 905 1784 insons,

155 1800 382 1882 Contentosqne
395 1803 470 1878 suis,
484 1804 590 1866 alienis
600 1824 662 1866 non
673 1803 816 1878 inhiarit,

66 1947 67 1952 ,
153 1893 188 1958 si
201 1897 365 1976 impetrare
377 1896 467 1970 velit,
481 1895 562 1956 velut
572 1897 735 1980 impetrare
747 1908 903 1970 meretur,

152 1987 290 2052 Ellectus
298 1989 401 2076 faciles
412 1989 508 2050 oratio
521 2009 598 2070 pura
610 2001 766 2071 reportat,

68 2103 71 2110 ¹
156 2079 258 2159 Quam
274 2100 336 2141 nou
350 2082 504 2164 impugnat
514 2085 655 2164 cujusque
667 2081 802 2165 precatio
816 2081 920 2144 tristis.

153 2171 196 2232 Et
207 2172 331 2235 sortasse
339 2177 439 2254 jurat,
453 2195 588 2256 pauper,
603 2187 726 2257 peccata
738 2172 849 2236 relaxat

154 2261 279 2339 Pas'tns,
294 2279 323 2326 et
336 2267 474 2343 indutus,
487 2268 601 2342 viduae,
615 2267 768 2348 pupillus,
783 2281 813 2328 et
825 2289 928 2351 aeger,

155 2358 195 2418 Et
208 2359 344 2429 delensus
357 2361 446 2442 inops
459 2361 545 2442 plus,
559 2381 649 2439 quam
662 2360 738 2434 scis,
757 2382 892 2440 quaerere
910 2373 1036 2442 possunt.
1074 2347 1075 2408 l

194 2449 356 2526 Vestibus,
372 2454 525 2534 expensis,
542 2453 639 2536 epulis
650 2455 687 2514 tle
700 2473 787 2524 ruore
798 2452 932 2518 Tabitlra
1074 2455 1075 2530 l

155 2543 352 2624 Expeudebat
362 2564 454 2624 opes,
468 2547 586 2608 miseris
597 2546 738 2612 alimenta
751 2547 937 2608 ministrans.

153 2637 184 2698 N
188 2637 301 2717 unquirl
324 2638 361 2698 ad
373 2657 520 2700 annorum
532 2660 693 2702 numerum
707 2641 873 2719 cuicunque
891 2643 1022 2704 molesta
1074 2611 1075 2660 l

154 2733 299 2807 Addidit,
313 2744 343 2795 et
353 2732 445 2792 vitam
458 2732 579 2816 longum
593 2733 733 2813 produxit
745 2733 776 2792 in
787 2736 908 2795 urum?

153 2824 196 2888 Et
208 2829 319 2888 meruit
331 2839 433 2888 tamen
444 2827 507 2906 ipsa
518 2828 617 2907 jacens
629 2840 698 2908 post
710 2826 814 2888 lunera
825 2829 921 2890 vitatu

153 2909 305 3002 Ainissaru
317 2938 456 3001 reparare
467 2938 550 2980 suam
561 2963 570 2995 ,
583 2921 756 2984 testantibus
769 2919 848 2994 illis,

141 3015 252 3094 .Queis
264 3015 403 3093 proprias
415 3014 556 3074 fundebat
568 3034 643 3095 opes
655 3016 796 3077 miserata
807 3026 977 3097 rogantum.

153 3107 260 3170 Petrus
271 3105 352 3170 euim
365 3108 499 3196 medicus
509 3107 622 3186 luerat,
636 3109 786 3174 medicina
796 3121 926 3174 caterrae
