2106 3846
6 259 151 339 2466,
252 275 738 368 rosuiruntorsst.
842 261 936 364 '219

7 371 160 434 Emicat
175 371 298 454 exiguos
313 375 459 434 commoti
471 374 595 438 luminis
608 379 704 462 iguis,

10 463 85 526 Sed
102 465 232 528 virtute
246 484 350 527 carens
363 467 555 551 languentem
568 471 707 554 lampada
719 475 820 537 fertur

8 559 177 636 Deserit,
196 569 228 618 et
240 558 350 620 siccam
362 563 511 641 percurrit
523 563 645 625 llamma
658 585 809 651 papyrum
820 588 842 648 ‚¹

9 654 134 733 Atque
149 653 237 712 inter
249 651 328 734 picei
338 653 485 715 nebulosa
497 657 656 718 volumino
666 661 740 720 lumi

12 743 222 806 vanescunt
236 747 320 829 pigra
333 759 502 809 crescentes
515 751 598 812 mole
612 752 728 815 lavillae.

12 837 66 897 Ut
84 859 162 899 sese
175 838 316 921 indiguas
331 840 383 900 tali
396 842 498 903 videre
513 856 637 924 paratu,

13 929 216 993 Occurrant
229 951 342 1017 sponso
355 949 419 1013 qua
433 923 603 998 comminus
616 939 806 1018 advenienti,

15 1023 137 1084 Tarda
148 1037 255 1086 movet
268 1025 579 1108 leutispudibundpm
593 1051 663 1093 cura
677 1033 834 1096 laborem„

20 1117 116 1196 Quae
132 1139 226 1198 prece
239 1119 385 1179 submissa
399 1122 494 1182 stultis
506 1136 571 1183 tum
583 1125 708 1186 vocibus
724 1142 827 1205 orant,

21 1211 79 1272 Ut
96 1225 244 1294 porrecta
256 1231 361 1275 manus
373 1226 529 1295 torpentes
542 1219 661 1278 suscitet
674 1221 772 1301 ignes,
870 1275 874 1282 f
915 1259 918 1267 ι

19 1307 165 1368 Dividat
180 1318 211 1366 et
222 1309 383 1389 proprium
397 1309 542 1390 sapientia
557 1309 675 1392 pinguis
688 1313 812 1374 olivum.

17 1401 240 1481 Respondent
255 1403 366 1481 pariter
376 1402 428 1462 tali
441 1421 582 1463 sermone
596 1423 734 1467 sorores:
935 1485 939 1490 ἱ

21 1493 83 1555 Fst
101 1493 280 1554 miseranda
294 1497 417 1576 quidem
430 1509 597 1558 vestrorum
612 1517 700 1560 causa
711 1497 880 1578 malorum,

21 1587 91 1647 Sed
107 1601 217 1647 tamen
231 1588 282 1650 hic
294 1589 395 1650 oleum
409 1610 471 1649 non
483 1590 550 1670 plus
561 1605 653 1670 qoam
662 1593 772 1656 suificit
783 1595 871 1678 alfort

18 1681 257 1761 Unusquisque
272 1683 348 1757 sibi,
362 1695 477 1744 constat
489 1685 558 1762 quia
571 1687 662 1765 copia
674 1688 770 1763 vasis,

20 1775 65 1836 Et
82 1773 228 1856 perfecta
240 1795 326 1835 suum
339 1789 437 1835 servat
451 1797 590 1837 mensura
601 1777 762 1858 liquorem.

23 1869 101 1931 Nec
115 1869 160 1929 sas
175 1869 331 1947 qnaesitnm
346 1869 452 1950 partiri
467 1881 515 1928 aut
527 1872 654 1951 perdere
668 1866 817 1947 succums
893 1917 897 1924 .

24 1963 82 2022 Ne
96 1963 236 2044 dispersa
247 1961 326 2022 cavis
337 1961 433 2021 desint
445 1963 581 2024 fomenta
598 1963 748 2038 luterni„

29 2054 180 2135 Cumque
195 2055 312 2116 lucrum
325 2056 410 2115 vobis
421 2056 579 2137 dispendia
590 2071 691 2117 nostra
705 2060 871 2137 parabunt,
948 2081 950 2085 ·

25 2148 115 2209 Tota
126 2147 218 2209 simul
229 2147 313 2210 l'essis
326 2162 499 2230 torpescant
511 2149 627 2209 lumina
638 2148 778 2212 llammis.

24 2241 162 2302 Talibus
175 2243 294 2323 abjecte
307 2241 410 2317 dietis,
427 2243 563 2322 tristique
578 2243 713 2325 repulsa,

26 2335 224 2396 Perlnstrant
236 2357 413 2416 quocunque
426 2337 486 2399 loci
500 2341 683 2401 commercia
697 2341 835 2417 servent,

27 2429 229 2510 Venalesque
243 2449 349 2490 manns
362 2455 368 2489 :
381 2431 433 2489 sed
446 2431 518 2490 dum
532 2431 715 2512 disceditur,
729 2455 798 2497 eece

28 2523 159 2584 Introiit
171 2543 298 2605 sponsus
312 2523 498 2599 thalamum,
512 2525 834 2610 induxitqueparatao,

29 2615 135 2695 Atque
145 2635 233 2700 vagas
244 2615 382 2695 linquens
396 2617 517 2678 exclusit
530 2632 618 2699 porta
630 2641 759 2681 sorores.

30 2707 146 2771 Cernis
159 2710 286 2792 virginei
298 2721 401 2790 pereat
411 2712 493 2789 quod
506 2729 619 2772 nomen
630 2713 775 2788 honoris,

28 2802 76 2862 Ni
91 2801 188 2864 fertur
199 2817 316 2865 sanctus
329 2801 470 2864 thalamis
478 2804 645 2866 coelestibus
659 2804 743 2888 iguis.
782 2839 784 2846 ι

28 2895 120 2957 Felix
131 2896 186 2957 illa
197 2914 321 2971 manns,
337 2897 424 2980 largis
434 2919 501 2979 quae
515 2897 641 2978 provida
653 2898 740 2960 donis

27 2991 205 3052 Accensum
219 3009 295 3074 pota
308 2991 382 3054 fovit
397 2991 577 3076 pinguedine
587 2989 699 3054 lumen.

27 3081 168 3146 'lantum
181 3103 313 3166 namque
325 3085 385 3146 olei
394 3087 469 3148 vasis
482 3083 660 3148 diffunditur
672 3084 795 3167 amplis,
