2126 3848
129 327 194 392 ³5⁸
350 351 528 404 snmus
553 353 793 410 orostoucn
910 375 937 414 v.
953 353 1021 416 136.

127 448 249 512 lunen
260 451 292 512 in
300 452 443 514 anemis
455 449 544 532 pomi
556 462 586 510 te
596 450 737 534 gentibus
750 471 831 514 essez

128 548 270 610 Gentiles
282 561 427 629 stupuere
438 545 539 628 globi,
552 544 730 624 fontemque
740 549 834 608 secuti

127 639 259 704 Sumere
272 643 431 724 promissae
441 639 568 720 cupiunt
580 639 721 700 noritotis
732 641 883 704 bonorem
896 688 906 719 ‚

124 733 300 820 Ftlympbe
308 735 455 820 genitrice
463 734 519 795 soti
528 753 670 794 meruere
681 737 806 798 renasci.

128 827 313 912 Compellor
322 830 441 892 ratione
451 828 512 890 loci
525 847 585 909 pro
598 847 727 890 munere
737 842 821 890 tanto

127 921 273 986 Historiae
285 925 404 1006 pulsnre
416 924 528 993 fidem
544 943 611 1002 qnae
623 925 759 1003 prodidit
772 923 849 984 olim

129 1015 210 1081 Cum
225 1019 555 1102 pupulos,geotesqne
561 1017 635 1077 dues
646 1017 680 1077 in
693 1031 797 1079 ventre
811 1017 955 1084 Rebecca
1060 1069 1061 1090 1

130 1113 257 1189 Ferret,
270 1127 300 1175 et
309 1113 439 1194 angustis
449 1111 618 1172 includeret
629 1113 749 1194 agmina
760 1113 857 1173 muris

132 1205 314 1272 Consuleret
326 1227 384 1286 qne
392 1225 500 1288 rogans
512 1204 612 1265 oranti
625 1207 719 1266 corde
730 1217 892 1268 tonantem
906 1255 917 1288 ,

132 1302 327 1385 Responsum
338 1301 480 1361 metuisse
491 1299 572 1359 Dei!
586 1299 778 1380 priorinquit
788 1301 821 1360 in
834 1301 902 1362 istis

129 1397 282 1472 lnlerior,
295 1394 478 1473 breviorque
492 1406 614 1469 menet,
628 1395 786 1474 majorque
796 1395 915 1456 minori

132 1491 269 1565 Servio,
281 1503 312 1552 et
322 1489 439 1571 juvenis
449 1487 559 1569 palme
573 1486 708 1568 potietur
717 1487 835 1549 bonore
939 1561 942 1566 Ι

129 1583 290 1665 Quidquid
299 1584 333 1646 in
344 1583 404 1645 boc
412 1593 497 1642 utero
505 1581 633 1645 fecunde
640 1601 789 1664 puerpera
799 1582 911 1666 gessit,

127 1676 272 1741 Ecclesiae
283 1689 447 1754 conceptus
456 1676 564 1749 babet,
578 1675 769 1756 formamque
781 1689 966 1757 sequentem

130 1770 262 1837 Gentilis
273 1787 436 1832 concursus
447 1768 526 1851 agit,
541 1768 593 1846 qni
607 1769 713 1830 crescit
726 1770 757 1829 in
768 1769 857 1846 alvo,

130 1867 169 1930 ln
180 1885 239 1950 qua
251 1862 432 1937 decrerit,
441 1861 523 1941 quod
533 1862 597 1942 jam
610 1863 784 1925 meminisse
799 1883 929 1928 necesse
942 1881 1011 1942 est,

130 1961 174 2024 Et
185 1959 289 2022 studiis
299 1957 452 2020 celebrere
460 1955 565 2030 bonis,
574 1955 756 2018 famulemur
769 1971 801 2018 ut
810 1957 878 2034 illi,

133 2054 229 2137 Cujus
240 2053 279 2114 ab
291 2052 401 2113 ellectu
410 2070 466 2111 nos
478 2050 603 2133 contigit
614 2063 684 2112 ante
693 2053 811 2127 vocari,

136 2147 241 2229 Quum
253 2146 355 2222 nasci,
369 2145 419 2226 qui
433 2145 513 2204 done
523 2143 627 2226 prius,
640 2157 881 2226 quamtempora
895 2161 1020 2229 presta

175 2241 308 2320 Jamque
319 2237 492 2324 Lycaonius
503 2239 647 2302 incedens
659 2239 793 2321 passibus
803 2258 913 2322 egros,

130 2332 262 2396 Quam
274 2329 386 2394 Paulus
394 2333 471 2394 odit:
485 2331 609 2394 fnit'bac
621 2345 692 2396 tunc
705 2333 828 2395 claudus
846 2333 878 2394 in
893 2335 993 2410 urbe,

133 2425 292 2508 Supplicio
301 2425 463 2486 comitante
474 2439 552 2488 satus
562 2471 571 2502 ‚
581 2426 702 2510 vestigia
714 2427 793 2490 ferre

131 2520 261 2584 Nescius
273 2539 308 2579 cx
319 2530 422 2590 utero;
434 2521 568 2582 membri
580 2541 651 2603 pars
662 2535 793 2603 ooeperat
808 2522 879 2605 aegri
929 2551 933 2562 ·

134 2613 176 2676 Se
194 2624 335 2677 nascente
346 2612 443 2684 mori3
459 2629 619 2694 comperto
629 2617 767 2700 dogmate
781 2613 869 2676 Pauli

136 2710 210 2792 Quo
223 2709 375 2796 monitore
388 2705 447 2790 pie
458 2708 584 2769 tendunt
595 2712 634 2772 ad
645 2711 742 2772 sidera
753 2723 887 2788 mentes,

134 2803 211 2865 Mox
222 2803 316 2866 voluit
325 2802 427 2866 divina
438 2802 541 2882 sequi:
556 2803 636 2866 bene
646 2804 750 2867 claude
761 2805 880 2887 jacebas

135 2897 202 2957 llas
214 2897 348 2978 primum
359 2897 509 2978 graditure
516 2898 596 2973 ries,
610 2887 688 2979 petis
699 2898 809 2959 aetbero
820 2917 914 2959 sensu

135 2987 217 3051 Cum
230 2989 359 3052 necdum
372 2991 522 3052 movearis
533 2991 645 3066 bomo,
656 2992 840 3074 pedibusque
850 2995 970 3077 negotis

133 3081 266 3166 Longius
278 3082 323 3143 ire
336 3081 425 3144 vales.
441 3082 551 3146 Paulus
560 3085 728 3167 speculatus
738 3086 771 3146 in
783 3085 847 3145 imo

2 3255 10 3270 ·
134 3173 263 3238 Pectore
275 3174 348 3254 quid
359 3189 498 3256 caperet,
513 3177 670 3260 claudique
683 3178 780 3242 fidelis
790 3199 934 3241 amorem
