2126 3848
183 280 242 364 274
350 337 355 353 ,
435 290 470 340 l).
505 289 795 344 PROSPERI

222 385 294 448 Hoc
306 394 413 465 optans
419 381 506 459 aliis,
522 385 603 464 qnod
617 385 698 466 cupit
708 387 774 467 ipse
786 383 855 446 sini.

179 477 271 540 Unde
285 478 348 539 istis
357 476 485 561 geminis
496 477 639 540 vinctum
650 481 704 558 qui
717 479 882 555 sareulis,

220 571 378 637 Cotlorutn
389 572 428 632 ad
441 591 565 655 regnum
576 593 639 633 non
652 572 763 648 habet,
778 574 858 635 unde
869 571 964 635 volet.

177 757 308 820 Exueret
320 759 406 820 Deus
418 771 451 821 ut
462 771 538 820 tetra
550 757 676 841 caligine
690 760 857 835 mundum,

217 851 373 914 Doctrinae
386 852 523 915 accendit
532 851 636 912 lumen
650 851 853 932 Apostolicae,

156 955 160 958 ’
178 944 256 1026 Quae
268 944 358 1006 nullis
371 945 496 1020 animis,
507 944 597 1006 nullis
607 965 671 1005 non
682 946 819 1028 congruit
832 945 944 1022 annis,

217 1039 308 1101 Lacte
321 1039 420 1121 rigans
429 1057 539 1119 parvos
549 1081 557 1113 ,
569 1057 647 1119 pane
661 1038 765 1100 cibans
776 1037 917 1115 validos,

175 1133 251 1194 Non
265 1146 401 1213 tempus,
415 1151 477 1192 non
490 1152 590 1205 sexus,
604 1131 674 1193 huic
684 1152 748 1192 non
762 1151 850 1193 causa
861 1132 997 1208 resistit,

218 1223 339 1287 Omnes
353 1235 452 1304 curat,
464 1224 535 1300 alit,
550 1224 703 1306 justificat,
719 1239 843 1308 vegetat.

177 1317 313 1394 Sumite,
328 1339 392 1397 quae
404 1338 518 1401 maguae
528 1319 668 1398 apposuit
681 1319 829 1398 sapientia
842 1339 980 1397 mensae,

217 1411 258 1471 Et
271 1412 360 1474 variis
373 1413 456 1492 pasci
468 1411 574 1473 discite
586 1409 721 1487 deliciis,

177 1504 317 1585 Quarum
330 1524 398 1586 pars
409 1517 507 1564 totum
518 1517 562 1565 est
573 1503 714 1585 epulum,
727 1525 789 1583 quo
799 1506 1035 1592 quisquejuvat,

215 1597 290 1658 Inde
304 1599 383 1678 capit
395 1599 508 1675 vitam,
524 1617 614 1678 quam
625 1598 705 1679 parit
717 1598 871 1660 nunides.

174 1781 259 1850 Scire
274 1785 376 1848 Deum
388 1787 513 1868 cupiens
523 1787 670 1869 gaudere,
686 1798 715 1847 et
727 1786 827 1846 vivere
839 1787 973 1864 quaerit,

217 1878 251 1941 Si
263 1901 367 1942 verum
376 1925 386 1956 ,
396 1892 432 1940 et
441 1901 595 1940 summum
608 1880 689 1940 norit
702 1897 804 1940 amane
816 1877 944 1955 Deum,
1051 1889 1052 1899 ¹

176 1972 236 2036 Cui
248 1975 358 2036 tribuat
369 1973 513 2054 quidquid
526 1985 606 2036 recte
617 1972 712 2053 sapit,
726 1986 826 2052 optat,
838 1973 984 2054 agitque,

215 2065 256 2126 Et
269 2067 333 2128 sine
347 2086 407 2146 quo
420 2065 516 2126 carnis
526 2065 622 2148 gloria
633 2065 732 2146 pulvis
741 2066 808 2126 erit.

175 2159 206 2220 N
209 2180 249 2219 nn
261 2180 331 2243 ergo
344 2161 375 2218 in
389 2178 540 2239 quoquam
553 2179 604 2218 sua
618 2178 743 2219 munera
753 2158 865 2220 deserit
878 2171 988 2222 anaor
1047 2193 1048 2217 t

217 2251 336 2332 Perque
349 2275 436 2313 suum
450 2252 603 2313 Dominus
616 2271 647 2312 se
662 2253 830 2314 manifestat
843 2271 938 2332 opus.
1045 2259 1047 2326 i

175 2345 271 2423 Inque
281 2343 340 2404 iliis
353 2345 466 2404 habitat
478 2345 559 2406 dives
570 2345 773 2426 penetralibus
786 2344 919 2426 hospes,

217 2434 296 2512 Quae
308 2438 435 2518 gandent
445 2437 504 2500 hoc
515 2460 547 2500 se
560 2451 666 2501 concta
677 2440 758 2518 quod
773 2439 838 2519 ipse
853 2439 950 2500 dedit.

179 2621 221 2684 Ut
233 2623 362 2702 perdunt
376 2622 532 2703 propriam
546 2623 686 2684 mortalia
698 2643 830 2704 corpora
841 2624 961 2700 vitam,

218 2713 252 2777 Si
262 2729 415 2798 nequeunt
425 2735 505 2778 escas
516 2737 634 2780 sumere
647 2731 831 2798 corporeas,

176 2806 229 2872 sic
242 2810 369 2886 animae,
383 2811 441 2871 nisi
451 2809 567 2872 deliciis
580 2811 703 2872 rationis
714 2809 851 2885 alantur,

217 2901 303 2960 Dum
314 2903 398 2963 verbi
409 2905 512 2964 aeterni
524 2925 601 2986 pane
615 2917 736 2978 carent,
752 2918 890 2985 pereunt.

177 2994 259 3076 Nam
271 2993 343 3072 quid
357 2996 427 3071 erit,
442 2999 524 3076 quod
536 2998 599 3058 dira
611 2997 719 3077 procul
732 2997 850 3058 fastidia
864 2999 976 3079 pellat,

218 3085 300 3148 Cum
309 3088 408 3168 seipso
421 3091 528 3172 refugit
539 3111 625 3152 mens
637 3104 768 3154 saturare
784 3089 864 3152 Deo.
965 3109 970 3115 ·
