2142 3858
6 349 130 424 n345.
264 347 469 410 DE‘DEO
503 353 599 408 utu.
629 357 650 409 i.
833 343 890 417 421

6 455 46 516 Et
61 471 181 517 vocem
193 439 339 533 compago
353 450 454 526 dedit,
468 469 547 510 nova
559 448 697 510 machina
709 467 830 532 surgens

6 549 185 610 ductorem
198 543 318 605 laudere
331 563 436 618 sunm,
450 545 567 627 gavisa,
582 543 662 621 quod
675 553 759 603 essct.
830 557 835 576 t

41 639 145 701 Tunc
157 639 259 700 oculos
272 651 328 718 per
339 649 445 698 cuncta
456 635 546 718 jacit,
561 635 685 695 miretur
697 643 849 696 amoenum

6 733 55 796 iic
68 733 189 794 florere
202 732 323 806 locum,
337 730 379 800 sic
392 728 630 811 purossontihus
644 745 747 792 amnes
802 741 804 748 ’
893 719 894 724 ’

6 827 158 906 Quatuor
168 824 327 886 undisonas
337 822 492 906 stringenti
503 821 616 905 gurgite
629 821 710 909 ripes

6 919 50 980 [re
65 940 131 1000 per
146 915 399 990 arboreosmttus,
413 933 596 996 camposque
607 914 736 976 virentes
777 955 779 958 v

6 1011 167 1074 Miratur:
181 1011 232 1070 sed
245 1009 316 1089 quid
329 1008 489 1084 sichomo,
504 1027 579 1088 quos
591 1009 684 1070 iaetus
696 1009 733 1068 nd
749 1029 836 1086 usus,

6 1106 96 1167 Scire
111 1103 198 1183 cupit
207 1101 348 1182 simplex,
364 1113 394 1161 et
404 1121 466 1161 non
477 1101 584 1176 habet,
597 1103 677 1162 unde
689 1101 821 1182 requirat
835 1125 842 1162 ι

9 1199 83 1278 Qun
96 1198 210 1260 meritc
224 1196 345 1256 sibimet
358 1195 425 1255 dete
436 1195 473 1255 sit
483 1195 630 1276 possessio
641 1197 785 1271 mundus,

8 1293 46 1353 Et
59 1295 178 1352 domus
195 1289 274 1350 alma
287 1281 394 1349 neruus
404 1307 461 1370 per
473 1285 568 1364 flores
579 1305 669 1370 regne
682 1292 837 1368 puratum

11 1387 54 1447 dc
66 1383 182 1467 procul
196 1393 342 1464 exspectat
354 1379 465 1443 virides
476 1382 609 1462 jumenta
620 1369 676 1462 per
686 1399 789 1464 agros,

10 1477 49 1539 Et
62 1481 103 1540 dc
115 1499 150 1538 se
161 1477 283 1552 tacitus,
298 1495 364 1555 quen
374 1474 434 1536 sint
445 1473 508 1536 boec
521 1485 645 1550 cuncta,
660 1473 803 1554 requirit,

12 1566 733 1652 fflfflwmmmmwfflm:
897 1561 901 1570 ’

12 1661 95 1726 Nem
109 1657 251 1724 consorte
265 1679 385 1737 carens,
398 1681 467 1722 cum
480 1681 540 1740 quo
554 1661 722 1737 conferret,
735 1663 848 1744 egebat.

51 1756 186 1816 Viderat
199 1751 405 1836 Omnipotens
417 1754 480 1816 haec
489 1754 577 1815 illum
588 1757 679 1817 corde
691 1747 881 1832 moventem,

13 1845 53 1907 Et
67 1848 228 1908 miseratus
239 1847 298 1908 eit:
313 1847 430 1908 Demus
440 1847 587 1927 adjutoria
597 1849 694 1924 facto,
882 1912 886 1927 ‚

13 1939 203 2022 Participem
216 1940 332 2022 generis
345 1963 352 1998 ε
366 1953 507 2020 tanquam
520 1941 545 2002 si
558 1942 670 2002 diceret
683 1953 786 2002 auctor
799 1983 809 2017 ‚
880 1953 882 1958 ’

13 2029 87 2114 Non
101 2032 203 2094 solum
216 2035 302 2095 decet
311 2053 374 2094 esse
386 2035 504 2109 virum,
520 2033 670 2095 consortie
679 2033 788 2094 blande

16 2122 253 2202 Noverit‚.uxor
262 2127 420 2201 crineum
430 2128 470 2186 sit
480 2140 584 2198 tamen
598 2125 649 2186 ille
663 2126 806 2202 meritus,

19 2213 202 2300 Coniugium
215 2237 246 2278 se
257 2219 381 2297 quisque
389 2231 490 2293 vocet,
505 2217 632 2280 dulcedo
643 2227 775 2281 recurrat

19 2306 172 2372 Cordibus
182 2312 338 2385 innocuis,
351 2325 380 2372 et
392 2313 431 2372 sit
441 2312 499 2372 sihi
512 2313 618 2395 pignus
629 2325 774 2392 uterque,

18 2397 104 2466 Velie
118 2415 223 2486 peres,
237 2416 267 2465 et
276 2405 360 2466 nolle
375 2417 477 2485 peres,
492 2415 570 2466 stans
582 2407 809 2483 unt'voluntam

20 2489 76 2556 Pur
89 2497 187 2558 animi
201 2513 341 2573 concors,
355 2499 478 2578 paribus
489 2517 667 2561 concurrere
680 2501 775 2576 votis,

21 2587 118 2650 Ambo
132 2590 191 2650 sibi
205 2589 322 2668 requies
335 2591 433 2652 cordis
446 2591 521 2666 sint,
536 2593 627 2654 ambo
640 2593 761 2670 fideles,

21 2675 57 2740 Et
68 2681 240 2762 quicunque
252 2685 337 2744 datur
347 2685 593 2759 cnsusfsitcnusa
605 2687 744 2746 duorum.

58 2775 127 2838 Nec
140 2796 246 2853 more,
260 2778 321 2857 jem
335 2769 416 2837 r'enit
427 2773 485 2838 alte
492 2779 594 2857 quies,
611 2778 899 2860 oculosquesupiuet

26 2861 175 2944 Somnus,
191 2883 220 2930 et
231 2871 263 2929 in
275 2865 394 2931 dulcem
404 2869 558 2931 solvuntur
571 2872 708 2932 membra
718 2877 870 2953 soporem.
909 2918 915 2925 .

22 2954 78 3019 Sed
89 2983 161 3023 curn
170 2965 236 3043 jure
249 2962 352 3039 Deus‚'
361 2962 445 3023 nullo
456 2963 652 3043 prohibente,
668 2959 778 3027 referet

22 3047 154 3116 Demere
166 3056 360 3136 particulam,
375 3049 412 3117 de¹
426 3076 484 3136 qua
494 3057 561 3137 pius
573 3058 636 3138 ipse
649 3071 767 3138 pararat
777 3067 795 3136 ‚'

24 3139 70 3205 Ne
82 3150 110 3210 vi
125 3149 223 3214 ablate
234 3151 316 3211 daret
329 3151 429 3232 juveni
443 3163 587 3213 sua'coste
599 3151 757 3226 dolorem,
