2106 3846
2 305 127 380 v.6l,5.
231 319 695 372 commonitionum.
843 311 902 370 225
1003 379 1006 398 ,

41 411 127 491 sic,
144 434 305 498 germana,
321 415 380 475 suis
393 417 465 476 dum
479 413 602 499 llagraut
614 416 713 477 secula
727 417 823 494 curis,

32 510 154 572 lectam
167 530 288 572 servare
302 511 358 572 tihi
370 531 432 571 non
447 511 548 574 desine
563 526 686 591 portem.

32 626 49 664 e
65 605 189 664 meruit
202 605 334 684 primam
349 604 486 688 cognatio
500 617 562 665 tota
573 618 750 685 patronam,

1 699 81 758 Jam
97 711 133 758 te
148 698 323 780 signiteram
334 700 504 778 sequimur,
520 698 683 778 vexillaque
697 697 810 760 Christi

1 791 50 853 Te
66 777 220 874 portante
228 792 328 854 libens
340 805 468 855 sectatur
480 804 608 853 stemma
621 806 780 874 parentum
790 794 800 852 ἐ

7 885 102 966 Quos
117 885 193 948 licet
208 887 331 966 antiquo
345 888 472 947 mundus
486 888 622 947 donasset
634 887 767 962 honore,

7 979 51 1040 Et
65 979 167 1040 titulis
181 969 329 1040 monstret
342 1000 488 1068 generoso
502 999 624 1060 semper
634 980 671 1056 ab
683 993 772 1040 ortu:

9 1071 86 1134 Plus
97 1087 208 1134 tamen
219 1073 338 1134 ornavit
351 1074 486 1134 divinum
499 1072 614 1156 insigne
627 1080 780 1155 gerentes,

13 1165 139 1227 Ordine
153 1167 238 1246 quod
252 1167 380 1248 proprio
393 1179 508 1228 sanctas
520 1165 657 1226 meruere
673 1166 835 1230 cathedras.

14 1259 94 1320 Non
108 1261 287 1340 atavosj'am
297 1279 376 1340 nuuc
388 1259 506 1319 tibimet
517 1278 704 1339 proavosque
719 1270 866 1332 retexam,
946 1259 961 1321 ’.

13 1352 89 1413 Vita
104 1353 279 1415 sacerdotes
291 1371 365 1432 quos
377 1353 507 1413 reddidit
520 1351 630 1436 inclyta
644 1352 749 1436 dignos
762 1375 770 1411 ι

14 1445 208 1510 Pontificem
220 1445 311 1508 sacris
325 1458 510 1526 assumptum
522 1446 637 1527 respice
648 1459 775 1528 patrem.
796 1437 802 1446 ’

16 1537 169 1622 Cumque
193 1539 248 1599 tibi
262 1539 380 1621 genitor
394 1539 441 1599 vel
454 1539 615 1614 avunculus
631 1541 762 1620 undique
775 1542 874 1626 magni
888 1569 891 1574 ·

14 1633 89 1696 Post
102 1636 204 1697 fasces
217 1633 353 1714 placeant
367 1632 550 1713 populorum
563 1654 681 1695 sumere
693 1635 821 1711 fascem,

15 1726 145 1809 Suscipe
160 1745 238 1806 quos
251 1724 379 1785 humiles
390 1738 508 1806 patrum
518 1728 555 1786 ad
566 1728 716 1814 consortia
728 1729 832 1789 fratres

17 1819 140 1883 Officio
155 1819 273 1880 similes
289 1829 412 1880 nectens
426 1818 561 1880 Ecclesia
572 1822 674 1901 junxit.

17 1913 81 1975 Pro
96 1914 210 1995 quibus
223 1913 353 1974 assiduas
369 1910 491 1974 Christo
504 1915 674 1995 persolvere
687 1927 802 1996 grates,

14 2006 163 2070 Fundere
179 2007 227 2068 vel
241 2005 326 2067 lletus
339 2026 401 2066 non
412 2008 532 2068 taedeat:
544 2019 575 2066 ut
589 2007 643 2066 tibi
654 2007 751 2066 nullus
811 2029 813 2041 ¹

17 2100 162 2162 Fratrum
178 2102 215 2161 de
224 2109 351 2160 numero
366 2099 460 2176 desit,
474 2121 542 2161 cum
555 2099 679 2179 praemia
692 2119 791 2158 sumes

17 2193 121 2258 Factis
134 2195 227 2278 digna
241 2193 315 2270 tuis,
332 2205 486 2272 materque
496 2191 601 2254 effecta
615 2202 772 2274 parentum

18 2287 174 2373 Virgineae
185 2286 290 2350 victrix
296 2287 450 2350 sociabere
458 2287 523 2350 laeta
534 2291 663 2348 coronae.
