2198 3844
127 296 166 370 ln
277 295 282 304 '
385 297 752 358 crunttsnnttttt
893 289 1017 373 Μὴ.

126 399 266 473 Dixerat,
282 408 312 456 et
323 395 420 478 gelida
433 393 625 458 constrictum
639 405 738 453 morte
751 394 876 454 cadaver

127 490 257 574 Spiritus
269 489 335 572 igne
349 488 447 563 foret,
462 488 615 566 verboque
629 485 786 547 immobile
799 507 911 567 eorpus

128 583 274 658 Suscitat,
287 594 374 660 atque
386 581 480 642 semel
492 579 623 662 genitam
634 579 681 640 bis
694 580 795 640 vivere
809 593 942 660 praestat.

129 675 323 757 Obstupuere
336 675 462 750 animis,
475 673 657 753 inopinaque
671 685 738 732 rota
750 685 889 754 parentes

129 769 303 851 suspiciunt,
318 765 929 850 versisquemodispergandieplaudunt.
1085 816 1086 866 p

169 862 244 922 lnde
259 861 368 942 pedem
377 861 523 935 reserens,
536 860 673 942 geminos
685 861 842 922 videtecce
856 876 1036 941 sequentes
1085 879 1086 896 t

132 954 267 1020 Genetos
280 955 409 1017 clamare
421 956 518 1025 viros3
535 953 593 1014 Fili
606 953 716 1036 inclyte
730 953 847 1030 David,

130 1050 253 1113 Decute
263 1062 425 1112 nocturnas
437 1048 585 1110 exstinctis
596 1047 725 1132 vultibus
737 1049 881 1123 umbras,¹

130 1141 172 1204 Et
185 1143 420 1226 clarum-lergire
433 1142 524 1201 diem.
541 1140 778 1220 Quam'oredere
789 1153 903 1213 tutum,
931 1205 938 1216 ,

133 1237 348 1317 Quamsnnum
361 1249 404 1297 est
416 1234 679 1319 cognosseDeuml
690 1235 1025 1317 jem-corderidebsnt,

133 1328 198 1410 Qui
212 1330 286 1391 lucis
296 1350 415 1390 sensere
430 1330 527 1399 vism3
541 1341 613 1390 tunc
626 1349 703 1390 oseca
716 1341 893 1409 precantum

132 1420 281 1497 Lumine,
294 1421 402 1483 diffuso
415 1441 469 1483 oeu
482 1434 606 1501 torpens
619 1421 695 1503 ignis
707 1417 807 1497 olivo,

133 1514 198 1575 Sub
211 1513 341 1586 Domini
354 1514 486 1576 micuere
500 1534 609 1592 manu,
623 1528 760 1595 tactuque
774 1535 889 1577 sereno*¹

97 1659 99 1666 ,
132 1608 297 1670 Instaurata
309 1608 370 1669 suis
380 1609 531 1670 radiarunt
543 1628 597 1669 ora
611 1609 749 1669 lucernis.

175 1701 233 1762 llis
244 1702 284 1761 ita
298 1702 427 1762 dimissis
434 1745 448 1776 ,,
458 1700 534 1762 alius
548 1703 831 1784 producituraeger,

133 1791 298 1875 Multiplici
312 1794 455 1877 languore
467 1795 576 1871 miser,
592 1795 642 1873 qui
654 1814 728 1856 voce
740 1794 862 1869 relictus
872 1837 891 1871 ,.

133 1885 246 1947 Audito
259 1907 383 1961 vacuus,
396 1885 461 1946 solo
475 1906 530 1967 per
543 1886 643 1947 inania
657 1887 794 1947 membra

135 1977 286 2041 Daemone
299 1979 406 2061 plenus
419 1991 482 2040 erat
495 2003 502 2038 z
516 1981 596 2043 huno
609 1981 746 2062 protinus
760 1981 867 2043 ordine
879 1999 974 2043 sacro·

140 2069 265 2134 Curavit
278 2073 369 2134 versis
383 2071 468 2136 Deus
481 2073 512 2134 in
527 2075 677 2156 eontrarin
690 2074 802 2149 causis,

135 2162 301 2225 Daemonio
315 2185 459 2240 vacuans,
474 2167 599 2242 auditu,
615 2179 644 2228 et
655 2185 729 2229 voce
741 2167 917 2228 reformans.

177 2255 210 2316 N
213 2278 247 2319 ec
260 2257 358 2318 minus
372 2258 485 2319 interes
496 2261 638 2340 proprios
648 2261 731 2344 jubet
745 2262 847 2321 omnia
858 2279 960 2341 posse·

137 2348 328 2431 Discipulos,
342 2351 471 2432 totisque
484 2353 574 2414 simul
588 2355 746 2416 virtutibus
761 2354 908 2436 implens,

137 2441 199 2516 lte,
214 2444 272 2518 ait,
284 2455 311 2503 et
326 2443 422 2505 tristes
436 2439 773 2510 morborumexcludite
782 2459 879 2528 pestes
888 2489 907 2521 ‚.

140 2532 200 2616 Sed
215 2537 322 2598 domus
334 2535 445 2615 lsrael,
460 2539 553 2618 (quie
566 2542 696 2604 necdum
709 2541 834 2601 nomine
844 2551 955 2623 gentes

141 2629 268 2689 Auxerat
285 2631 344 2693 hoc
356 2651 463 2694 omnes
475 2636 489 2711 )
503 2634 648 2696 coelorum
663 2635 752 2696 dieite
768 2653 911 2716 rognum,

140 2719 309 2784 Daemoniis
322 2725 435 2787 auferte
447 2725 569 2801 locum,
584 2727 726 2809 depellite
740 2727 873 2808 leprum;

77 2831 80 2840 ·
139 2811 312 2894 Functaque
324 2818 473 2880 subductus
484 2833 622 2882 revocate
634 2822 777 2883 cadavera
791 2819 866 2880 vitre.

142 2903 317 2988 Sumpsistis
326 2912 436 2993 gratis,
452 2913 566 2974 cunctis
576 2913 742 2994 impendite
753 2913 850 2996 gratis.

142 2997 189 3060 Ac
201 2999 278 3062 velut
290 3002 348 3065 hoc
362 3005 479 3079 dicens,
494 3003 561 3088 Ego
577 3006 663 3069 robis
675 3008 790 3088 quippe
800 3004 957 3065 ministris

144 3089 315 3192 Serpandos
328 3097 486 3158 committo
497 3118 615 3183 greges,
630 3121 685 3185 ego
697 3101 827 3180 denique
841 3110 954 3181 pastor:
