2172 3862
128 235 207 344 m
428 275 756 330 unaconrrr
926 261 1027 322 ωδε.

146 369 262 453 Vipera
275 369 347 450 quid
359 380 493 451 praestet,
509 369 617 445 cauda,
633 381 662 430 et
675 367 793 431 cervice
806 367 922 441 recisa,

148 463 234 544 Quid
245 481 368 543 serpeus
380 460 529 522 maculosa
541 463 641 543 juvet,
655 459 808 520 medicina
821 459 946 520 latetur.

146 555 271 636 Aspidis
283 554 413 633 obliquae
425 553 496 632 quid
510 554 632 636 pinguia
644 552 783 615 membra
796 553 980 626 medentur,
1064 577 1065 588 ¹

148 647 294 709 lulormls
307 667 407 723 ursus,
422 643 518 705 sulvus
528 646 594 721 leo,
610 646 682 724 quid
695 645 783 726 lupus
797 646 912 716 audam

148 739 191 801 Et
204 742 402 821 quodcunque
414 738 528 800 malum
541 740 648 802 vindex
657 750 763 799 natura
776 738 911 813 creavit,

149 833 274 894 Miscuit
285 833 449 914 optandam
460 831 524 892 dira
538 851 606 894 cum
621 843 718 893 morte
733 831 873 892 salutem.

192 923 278 1004 Quid
289 926 371 1005 qood
383 924 548 986 mortiferis
560 923 739 985 animalibus
753 923 852 983 induit
868 937 995 1000 auctor,

150 1017 197 1078 Ut
210 1019 319 1080 sentire
332 1030 458 1098 queant,
474 1019 601 1078 reddant
611 1015 790 1080 sectantibus
804 1017 888 1078 iras?

40 1107 46 1122 “
151 1109 194 1173 Et
204 1131 327 1194 prorsus
339 1131 401 1170 nou
416 1111 474 1170 siut
485 1130 546 1170 uon
561 1131 592 1172 se
607 1109 778 1172 vexantibus
787 1108 915 1170 hostes?

153 1206 229 1266 Non
243 1206 336 1286 pudet
346 1205 405 1265 boe
417 1203 556 1263 homiues
569 1225 576 1261 ε
590 1222 662 1286 gens
673 1202 849 1282 importuna
861 1202 1040 1283 probamur,

153 1295 177 1358 J
179 1299 310 1359 ustitiam
324 1297 470 1357 retinente
484 1295 564 1367 lera3
579 1294 673 1376 probl
688 1295 819 1377 dedecus
831 1295 959 1379 iugens,

155 1390 270 1473 Anguis
280 1390 339 1473 agit
351 1389 396 1449 ira
409 1407 542 1462 morsus,
557 1407 613 1448 nos
625 1387 767 1469 improba
779 1388 891 1466 turba,

158 1480 307 1561 Quamvis
318 1481 461 1563 justitiam
477 1491 649 1556 noscentes,
664 1480 829 1542 temnimus
840 1493 912 1545 actu

156 1572 328 1638 Plectibili:
343 1586 373 1635 et
385 1575 505 1636 veniam
519 1573 684 1657 ignorantia
697 1577 764 1654 jore
778 1587 927 1636 meretur.
965 1597 971 1606 ·

156 1665 250 1728 Forte
263 1667 301 1726 sit
312 1679 341 1727 et
354 1667 444 1728 nobis
456 1667 519 1729 haec
532 1667 680 1729 excusatio
693 1679 784 1730 certa

41 1825 43 1830 .
156 1758 208 1822 Ne
221 1760 324 1819 furtim
338 1773 482 1836 noceant,
497 1780 605 1844 angues
617 1774 788 1840 quaeruntur
798 1761 832 1822 iu
844 1759 971 1838 berbii,

158 1849 332 1932 Quaerimus
344 1853 477 1914 immites
490 1865 519 1914 et
529 1874 586 1934 per
598 1856 714 1915 deserta
726 1854 847 1929 leones,
964 1873 970 1882 ’

158 1944 190 2005 N
193 1967 210 2006 e
219 1947 356 2030 gregibus
368 1946 443 2026 pasti
454 1957 567 2009 vastent
580 1945 744 2009 cultoribus
754 1965 852 2028 agros.

161 2036 298 2100 Sectatur
310 2051 435 2102 venator
445 2057 572 2119 aprum,
587 2040 635 2101 cui
649 2039 724 2099 retia
738 2039 818 2122 figit,

160 2131 262 2193 Vinea
273 2151 312 2192 ne
324 2144 426 2213 pereat
436 2131 491 2192 sub
505 2149 607 2192 morsu
621 2131 718 2192 dentis
731 2131 854 2193 adunci.
936 2131 939 2136 '

162 2223 277 2287 Cervus
289 2237 321 2284 ut
334 2224 506 2297 occumbat,
519 2223 625 2305 quaerit
636 2222 788 2285 medicina
799 2224 965 2286 medullas.

161 2316 248 2396 Quid
259 2317 361 2378 nocuit
373 2334 495 2398 passura
507 2314 611 2396 lepus?
624 2316 695 2394 quid
708 2316 813 2394 dama,
825 2317 874 2378 vel
887 2317 1009 2379 hircus?

165 2407 253 2488 Quos
266 2408 417 2471 medicina
427 2407 510 2489 jubet
520 2407 583 2469 haec
595 2419 627 2468 ut
638 2408 795 2490 capiantur
807 2411 846 2470 ad
857 2411 951 2472 usus?

165 2499 211 2562 Ut
220 2501 275 2563 sub
288 2499 391 2560 lraude
405 2502 511 2562 cadant
524 2513 705 2579 venantum,
719 2496 768 2563 aut
781 2503 906 2584 cuspide
920 2503 1008 2564 ferri?

167 2594 252 2672 Quid
265 2592 361 2675 pisces
373 2612 504 2655 nocuere
517 2594 607 2656 freti?
619 2595 691 2674 quid
703 2596 790 2656 turba
800 2596 980 2659 volucrum?

167 2686 303 2750 Pervasit
315 2707 386 2773 gens
400 2701 501 2750 nostra
513 2689 642 2765 fretum,
657 2690 828 2771 pervaditur
841 2677 911 2766 aer,

169 2779 215 2840 Ut
228 2783 383 2863 capiantur
396 2801 463 2842 aves
475 2803 509 2844 ex
522 2781 603 2844 nulla
615 2795 700 2863 parte
714 2779 866 2846 nocentes.

170 2870 249 2951 Quae
262 2887 365 2936 natura
378 2887 481 2959 negat,
495 2894 619 2956 paruos
633 2877 781 2943 elementa
795 2889 956 2958 petunture

170 2963 232 3027 Per
244 2966 364 3052 pelagus
377 2968 543 3031 celebratur
555 2969 613 3031 iter
627 2993 634 3030 ι
647 2972 795 3054 sejunctus
809 2971 846 3032 ab
858 2970 944 3030 undis

170 3056 318 3142 Navigat,
331 3062 456 3125 audaces
469 3057 604 3144 quatiens
616 3083 707 3146 super
719 3084 841 3146 aequora
854 3083 964 3124 remos.
