2106 3846
146 295 205 380 174
392 306 502 360 ALG.
537 301 606 356 EI).
641 297 797 360 AVITI
922 291 992 374 Μὴ

145 401 346 482 Oceanusque
359 421 443 463 sacer
456 415 542 464 notas
554 403 698 465 collectus
710 403 742 462 in
755 405 844 479 oras,

146 496 315 558 Contentus
327 496 415 556 solito
426 485 557 558 labentia
569 495 694 557 llumina
706 509 804 558 tractu

146 588 271 650 Sor-buit
282 635 290 662 ‚
304 602 333 650 et
344 591 456 651 cunctis
467 590 599 650 distinxit
612 590 705 652 lraeua
715 589 854 664 fluentis,

103 759 107 766 ι
144 679 369 763 'sorrentesque
381 705 439 744 suae
451 683 619 746 clauserunt
634 685 764 762 undique
778 683 885 760 fossae,

146 777 259 837 Libera
272 779 424 839 subductis
434 779 587 838 nituerunt
600 779 683 838 arida
694 777 837 860 lymphis.
1022 799 1023 868 p

147 871 236 933 Tunc
252 873 429 950 interposito
442 873 612 952 producens
625 885 763 951 tempore
778 891 922 944 corvum,

150 964 236 1027 Scire
250 968 332 1046 cupit
345 966 466 1038 senior,
481 979 665 1044 vacuumque
679 966 843 1044 interrogat
857 962 965 1025 orbem.

148 1059 223 1121 Ales
234 1074 264 1120 ut
275 1061 401 1119 extensis
414 1060 543 1118 nitidum
558 1060 633 1138 petit
650 1079 719 1118 aera
732 1060 860 1139 pennis,
1023 1070 1024 1156 l

151 1153 310 1236 Aspiciens
325 1154 421 1232 plenis
433 1157 540 1233 stipata
552 1153 694 1212 cadavera
708 1154 812 1226 terris4

106 1287 109 1292 ·
155 1243 306 1307 Carnibus
319 1247 510 1320 incumbens,
522 1259 552 1304 et
563 1266 634 1304 mox
645 1245 739 1304 oblita
751 1246 880 1321 reverti,

154 1339 320 1400 Rectorem
336 1339 486 1420 placidum
498 1340 654 1400 communi
665 1340 697 1398 in
710 1340 780 1398 sede
794 1339 923 1417 reliquit.
1024 1342 1025 1421 l

157 1431 214 1506 Sic
223 1436 337 1502 nescis,
351 1433 374 1489 J
378 1435 477 1504 adase,
493 1434 583 1493 fidem
595 1454 712 1493 servare
726 1434 886 1514 magistro,

158 1523 210 1586 Sic
224 1546 345 1586 carnem
357 1527 495 1585 dimissus
508 1547 605 1598 amas,
620 1529 663 1587 sic
675 1527 768 1609 gratia
777 1545 930 1607 nunquam

160 1616 287 1680 Custodi
299 1621 365 1678 vitae
379 1622 564 1698 dominoque
576 1622 752 1700 rependitur
765 1620 835 1683 ulla2

157 1709 267 1772 Mente
276 1732 347 1796 vaga
359 1713 401 1774 sic
414 1714 492 1773 laxus
504 1715 589 1788 abis,
602 1715 644 1776 sie
657 1716 767 1778 foedera
781 1715 855 1798 legis

159 1804 300 1886 Rupisri,
316 1822 345 1867 et
358 1810 491 1889 primum
502 1809 619 1870 violasti
633 1811 747 1890 perfide
761 1824 890 1893 pactum.

159 1898 324 1984 Temporis
336 1917 366 1962 ut
379 1903 475 1983 spatio
490 1901 591 1960 senior
605 1900 725 1984 collegit
735 1899 864 1962 inertem
910 1899 913 1902 ’

160 1993 234 2058 Jam
245 2000 375 2079 potuisse
389 2000 458 2057 satis
472 2003 597 2058 'corvum
611 2017 643 2056 se
654 1997 780 2057 reddere
792 1994 939 2057 claustris:

161 2091 284 2174 Ignarus
297 2094 373 2151 tardi
385 2093 512 2166 reditus,
526 2110 677 2168 causaeque
694 2091 852 2166 morandi,

161 2182 213 2244 Ne
226 2185 287 2244 sors
298 2185 413 2246 innexis
425 2186 535 2246 fessum
547 2185 766 2263 consumpserit
776 2184 850 2260 alis,

162 2274 302 2336 Junxerit
315 2292 343 2337 et
357 2281 471 2340 cunctis
482 2277 676 2358 pereuntibus
688 2278 767 2338 unda
780 2295 944 2345 recurrens;

163 2367 306 2429 Protinus
319 2371 471 2429 albentem
485 2371 577 2430 mittit
587 2371 623 2430 de
637 2371 707 2430 sede
721 2370 912 2433 columbam:

165 2460 224 2520 llla
237 2462 436 2542 memorjussi
450 2463 557 2542 rapido
571 2462 646 2545 petit
657 2483 727 2524 arva
736 2465 856 2541 volatu,

163 2551 366 2635 Paciferaeque
379 2553 481 2616 videns
493 2575 612 2618 ramum
622 2557 777 2619 viridantis
787 2559 891 2634 olivae,

163 2647 333 2730 Decerpit,
348 2651 473 2730 mitique
488 2649 626 2710 referred
641 2639 761 2712 condita
773 2665 882 2713 rostro.

166 2741 236 2801 Tali
245 2742 355 2827 legatus
366 2745 495 2806 firmavit
508 2743 619 2804 loedera
633 2744 759 2825 simplex

170 2833 309 2912 Indicio,
324 2859 489 2919 parumque
502 2837 573 2920 pius'
582 2837 625 2898 sic
636 2838 785 2919 comperit
795 2839 911 2899 orbem.

210 2929 331 3014 Integer
344 2951 499 2992 emensum
513 2933 647 2994 vertebat
658 2931 786 2994 circinus
799 2951 922 3007 annum,

172 3022 245 3103 Quo
259 3025 328 3085 felix
341 3025 501 3086 claustrum
513 3025 656 3108 spirantia
670 3039 775 3088 cuncta
785 3027 925 3092 tenebat:

172 3116 253 3179 Tum
267 3133 352 3203 pater
364 3119 469 3184 ablatis
480 3121 609 3184 obducta
620 3120 761 3206 repagula
770 3120 863 3214 serris
