2172 3862
169 303 280 378 45ηΧ
438 313 765 369 nnaconrtr
931 307 1025 390 sept.

169 407 235 486 Qui
248 405 355 470 rirtnte
366 425 419 468 sna
430 405 578 488 serpentis
586 406 740 490 frangeret
745 385 844 483 artes,

168 497 230 562 Per
241 499 346 562 venilia
357 499 453 564 erneis
466 499 558 560 hostis
571 499 746 580 populando
759 501 900 566 cohortes
914 547 925 579 ,

167 591 323 682 Pracipiti
335 593 416 676 jaros
426 611 499 672 quas
511 592 590 655 eeisa
602 592 694 674 paieti
704 592 773 656 omli

73 739 77 746 .
167 685 282 748 E'xsiiio
292 699 406 748 trusere
419 685 567 770 gravisnb
580 685 812 766 perpetecnipa.
942 705 945 712 ’

209 781 338 861 Expavit
352 777 375 840 J
377 780 460 842 ndsea
471 776 575 840 Deum
585 790 655 860 post
665 779 777 842 risoera
789 780 898 840 matris

142 868 147 881 “
168 872 303 936 Maxim
315 885 360 934 tot
372 872 494 953 popniis
507 873 629 932 dantem
643 871 787 934 miracola
801 869 968 936 Christum.

167 965 275 1028 invida
286 965 430 1028 continno
441 977 556 1041 ,semet
565 965 688 1039 lesora,
703 964 864 1046 profanam

169 1057 320 1144 Sacrilegi
332 1069 415 1123 tenet
427 1058 581 1120 arteriam
592 1057 695 1121 livoris
705 1057 822 1138 iniqui,

166 1151 210 1213 Et
221 1152 326 1234 quaerit
336 1151 470 1232 peritura
482 1150 586 1227 dolos,
601 1151 708 1232 qnibns
718 1150 863 1233 improba
876 1153 980 1231 perdat

166 1243 343 1322 insontem,
357 1257 491 1308 sanetum
504 1263 573 1320 rea,
588 1242 816 1320 noxia,oaiiida,
831 1243 932 1306 fallax.

167 1335 209 1398 Et
223 1339 356 1420 pretinm
367 1338 417 1399 dat
428 1336 515 1398 turha
526 1361 534 1396 ε
547 1335 611 1398 Dei
623 1337 810 1400 commercia
821 1336 918 1414 finnt,

166 1427 330 1513 Discipulo
341 1432 488 1494 vendente
502 1450 574 1506 sno,
585 1429 701 1494 funesta
712 1429 838 1492 duobos.

167 1519 320 1584 Venditor
331 1522 452 1603 infelix,
466 1524 518 1584 sed
531 1541 595 1584 non
607 1522 727 1586 felicior
735 1535 875 1603 emptor,

167 1610 384 1696 Pars'pretiom
396 1617 517 1696 perdit,
532 1617 708 1698 perditpars
719 1615 812 1677 altera
823 1637 970 1680 mercem.

167 1703 293 1771 Proicit
304 1708 337 1772 in
349 1708 459 1783 nobis,
473 1709 595 1788 quinon
602 1710 817 1784 contraximus,
832 1724 971 1792 emptm:

168 1797 319 1884 Sanguine
332 1796 463 1866 distracti
476 1801 642 1863 maculatur
658 1802 813 1876 venditor,
827 1817 971 1884 emptor,

172 1893 247 1974 Quo
260 1914 346 1962 mens
356 1907 459 1956 nostra
470 1894 547 1955 sacri
559 1895 751 1956 mundabitur
763 1895 865 1956 imbre
873 1896 999 1958 cruoris.

169 1988 220 2050 Ah
232 1987 347 2064 senius,
359 1999 446 2068 atque
458 1986 556 2050 netast
571 1986 723 2048 insontem
734 1988 823 2048 turba
835 2007 963 2052 reorum

174 2078 334 2162 supplicio
345 2125 356 2157 ,
369 2100 430 2160 qno
443 2080 531 2164 digna
542 2079 616 2155 init,
630 2100 739 2156 eruce,
752 2081 879 2144 verbere
893 2127 905 2160 ,
919 2082 1000 2146 ierrn

170 2173 287 2258 Affligit
300 2218 309 2251 ,
324 2174 456 2255 lethique
467 2173 546 2248 rias,
562 2184 592 2234 et
607 2171 713 2234 limina
723 2174 830 2236 mortis

168 2266 282 2349 Ingerit
293 2279 406 2328 aeterno
419 2265 487 2341 ,oui
498 2265 546 2326 lex
556 2264 594 2324 ab
608 2264 723 2348 origine
731 2266 838 2328 mnndi

171 2357 203 2420 N
207 2379 242 2420 ec
251 2358 308 2418 init
318 2358 439 2417 initium
451 2358 532 2420 nasci
542 2400 553 2432 ,
563 2376 620 2418 ner
630 2356 698 2418 finis
708 2358 817 2419 obisse.

209 2449 292 2533 Ergo
303 2450 438 2511 salutaris
448 2450 530 2529 qnod
542 2451 640 2530 passio
650 2450 786 2512 membra
799 2453 946 2531 peremit,

172 2543 261 2605 Fecit
271 2541 354 2603 abire
367 2542 450 2602 diem
463 2586 473 2617 ,
487 2540 559 2604 solis
572 2544 749 2606 restantibus
759 2543 862 2626 horis,

169 2635 211 2699 Et
223 2647 344 2699 noctem
356 2632 411 2694 snb
425 2632 492 2694 lune
505 2635 608 2713 dedit,
621 2636 739 2698 rediere
746 2636 896 2712 tenebre,

173 2729 235 2793 Sed
246 2731 311 2792 sine
319 2747 406 2789 more
419 2746 493 2804 sno,
507 2727 616 2790 violata
627 2729 691 2814 lege
704 2729 856 2811 peiorem.

168 2823 251 2884 'Pom
264 2822 349 2904 niger
359 2821 419 2882 axis
431 2832 509 2896 erat,
518 2841 610 2901 quem
622 2821 719 2882 lurida
731 2819 811 2904 palia
824 2823 964 2907 tegebat,

172 2915 308 2982 Candida
320 2915 513 2999 sanguineum
526 2915 703 2978 monstrarit
712 2914 955 2992 innareborem,
1064 2961 1065 2966 η

53 3019 55 3026 ’
74 3081 78 3086 ,
172 3007 306 3073 Cardine
319 3009 374 3074 suo
384 3005 504 3092 gemino
518 3026 577 3070 nox
590 3009 764 3091 importuna
772 3010 940 3094 pependit,

171 3101 212 3170 Et
225 3100 451 3184 planxitnatnra
462 3099 577 3182 Deum,
592 3116 790 3166 monumenta
802 3101 926 3184 pteron
