2172 3862
13 367 130 430 suot.
256 375 661 436 sermunculo.
833 367 897 451 ‚491

40 476 90 538 ·Et
104 478 170 559 pius
183 475 309 539 inclinas
321 498 390 538 mox
400 522 409 554 ,
419 478 591 558 ubicunque
602 478 696 559 jubes.

11 570 53 632 Te
68 591 170 634 coram
185 571 319 653 primum
331 593 381 633 me
394 572 536 635 carminis
549 566 629 632 iliius
644 615 653 647 ,
668 571 748 646 auso}
796 560 799 582 ‘

52 666 149 745 Quod
163 665 243 726 male
256 665 409 747 disposui,
423 667 566 747 poenitet,
581 677 610 725 et
622 665 727 725 fateor.

11 756 83 818 Post
94 770 127 819 te
138 803 147 834 ,
159 779 276 830 summe
290 757 372 820 Deus
384 803 393 835 ,
406 761 469 843 regi
482 759 752 839 dominoquereus
764 778 830 818 sum
842 801 851 832 ,

54 851 149 934 Cujus
162 853 201 914 ab
212 852 344 934 imperio
359 874 453 933 posco
466 875 589 936 gemens
602 852 732 914 veniam.
810 863 813 868 '

11 945 153 1028 imperet
164 959 280 1009 armato
294 947 390 1028 pietas
402 959 452 1008 tua
463 991 473 1023 ,
485 967 631 1029 prospera
642 949 765 1007 mandet
817 937 819 942 ’

59 1039 125 1102 Rex
136 1039 351 1121 Dominusque
365 1062 471 1117 meus,
485 1063 606 1122 semper
619 1041 730 1122 ubique
743 1041 819 1121 pius.

17 1135 86 1197 Nec
98 1135 175 1196 mihi
187 1134 363 1210 dissimilis,
378 1155 469 1214 quam
480 1136 561 1214 quod
573 1135 649 1194 solet
662 1156 725 1195 esse
736 1133 861 1195 catervis
874 1176 884 1208 ,

54 1229 104 1290 Sit
114 1229 225 1310 pietate
236 1243 286 1294 tua
297 1274 306 1305 ,
319 1231 358 1290 sit
368 1230 484 1304 bonus,
501 1242 529 1288 et
543 1219 688 1309 placidus.

11 1323 93 1385 Nam
110 1335 160 1384 tua
169 1335 256 1400 suut,
268 1345 452 1403 quaecunque
460 1324 555 1406 gerit,
566 1341 751 1403 quaecuuque
764 1321 899 1403 jubebit,

49 1418 74 1478 J
77 1417 270 1498 udiciumque
284 1417 346 1479 Dei
357 1419 435 1501 regia
449 1418 540 1478 verba
556 1417 665 1477 ferunt.

11 1510 150 1573 Exorent
161 1511 225 1574 haec
236 1531 332 1594 pauca
345 1511 470 1593 Deum,
486 1511 536 1591 qui
549 1511 659 1572 mentis
673 1523 786 1598 opertae

48 1604 197 1666 Sensibus
209 1605 339 1665 aetheriis
351 1605 473 1666 condita
486 1618 556 1665 vota
566 1604 657 1667 videt.

11 1699 60 1761 Ad
74 1712 212 1774 tenone,
228 1698 388 1780 princeps,
401 1718 469 1759 mea
481 1698 549 1761 vela
563 1711 724 1776 retorqueo
737 1697 883 1779 supplex,

55 1791 210 1867 Pectore,
223 1805 326 1852 mente
339 1811 466 1874 rogans,
477 1811 570 1867 voce,
585 1810 736 1870 manuque
750 1789 863 1872 petens.

14 1882 67 1947 Da
80 1887 214 1962 dextram
229 1885 361 1960 misero,
373 1886 493 1947 veniam
504 1886 637 1946 concede
652 1884 808 1964 precanti,

48 1977 208 2060 Tempore
220 1989 281 2038 tam
292 1977 384 2060 longo
393 1997 455 2038 non
469 1979 554 2039 decet
565 1979 610 2037 ira
623 1969 720 2059 pium.

10 2072 157 2151 Namque
170 2071 367 2132 inimicorum
381 2070 477 2153 cuipis
489 2071 605 2132 reniale
620 2071 745 2133 minaris
761 2115 770 2147 ,

49 2165 258 2246 Captivosque
269 2177 336 2225 tuos
350 2163 466 2226 deliciis
480 2165 593 2247 epulas.

14 2257 154 2333 Puniat,
170 2270 203 2318 ut
216 2258 264 2334 sit,
272 2260 360 2346 *qnod
373 2256 522 2338 Christus,
535 2272 568 2320 tu
578 2259 677 2341 parcis
688 2259 817 2340 iniquis,

49 2351 186 2415 Vindice
199 2373 260 2431 quo
274 2373 379 2435 regnas
393 2398 401 2429 ,
419 2374 479 2435 quo
493 2355 655 2438 vigilante,
668 2354 758 2437 viges.

10 2447 80 2528 Qui
92 2458 219 2527 pereunt
233 2445 334 2520 bello,
349 2449 406 2508 soli
415 2449 586 2509 moriuntur
598 2462 631 2509 ut
641 2450 757 2522 hostes,

57 2537 128 2619 Qui
137 2552 273 2620 superest
284 2559 413 2621 pugnae,
433 2543 512 2603 vivat
522 2556 555 2602 ut
566 2542 642 2624 ipse,
655 2543 750 2624 jubes.

19 2632 173 2715 Captivos
182 2653 302 2696 securus
310 2634 386 2716 agit,
401 2635 540 2714 solusque
552 2636 673 2698 rebeliis

48 2725 214 2788 Formidat
227 2740 377 2802 mortem,
392 2730 493 2808 prada
504 2731 605 2809 quieta
616 2731 708 2790 sedet.

10 2820 325 2893 Conservasanimas,
339 2820 452 2882 victum
465 2842 556 2902 super
570 2824 635 2904 ipse
649 2824 801 2886 ministras
817 2869 826 2903 ,

56 2911 111 2973 Ne
124 2914 162 2973 sit
175 2915 235 2974 rita
247 2915 343 2997 gravis
356 2958 365 2989 ,
381 2914 569 2996 subripiente
581 2918 672 2977 same.

10 3005 118 3070 Nemo
133 3007 216 3068 cadet
228 3008 282 3070 sub
295 3010 359 3089 jure
371 3022 422 3069 tuo
433 3052 442 3084 ,
452 3008 507 3070 sub
519 3025 616 3072 morte
629 3023 774 3091 cruenta,

55 3097 122 3162 Scit
135 3142 144 3174 ‚
157 3121 189 3162 se
201 3103 349 3165 victurum
363 3103 414 3184 qui
422 3102 503 3166 volet
515 3124 578 3166 esse
591 3117 665 3179 tuus.
