2106 3846
168 339 228 413 204
414 353 477 405 Δί
495 353 523 404 C.
560 349 626 402 ΕΙ).
662 348 817 404 ΛῊΤΙ
952 361 1004 422 nn.

165 443 205 507 Et
221 441 374 508 Christum
389 435 530 507 resonans
544 446 697 508 claudetur
710 445 807 506 fistula
822 442 940 508 Phoebo.

207 535 311 602 Edidit
323 550 353 598 ut
368 551 503 618 quartam
515 539 641 622 genitrix
651 537 802 598 Audentia
815 539 939 620 prolem,

166 627 269 708 Teque
284 631 365 692 dedit
377 632 480 716 generi
494 643 581 714 partu
595 631 721 694 fecunda
732 651 897 712 supremo.-

168 719 337 784 Coofestim
352 745 474 807 parcam
487 725 637 806 promittit
651 726 759 786 ducere
773 727 889 801 vitam,

166 815 213 878 Ac
225 817 366 900 deinceps
378 819 500 899 paribus
513 830 626 880 castum
639 837 757 879 servare
770 818 871 878 cubile

168 906 331 971 Constituit
345 912 420 972 votis
434 931 572 974 carorum
586 930 656 974 eura
671 923 843 992 parentum.

160 981 207 1062 bit
221 1004 290 1081 quia
303 1003 488 1086 principium
502 1018 563 1067 tarn
577 1005 670 1066 sancti
683 1004 803 1066 foederis
817 1023 909 1079 esses,

167 1093 215 1156 Tu
228 1097 318 1157 simul
332 1097 451 1160 ollerris
464 1097 605 1172 Christo,
621 1098 673 1176 qui
685 1097 823 1177 protinus
838 1090 910 1177 ipsis

167 1189 288 1270 Accipit
302 1191 332 1251 in
347 1193 430 1253 cunis
442 1191 579 1253 lactentia
592 1191 730 1250 membra
742 1187 858 1250 dicatis.

168 1279 220 1344 sic
234 1286 405 1363 quondam,
419 1306 487 1346 curn
500 1284 600 1365 prima
613 1303 692 1344 novo
705 1283 925 1365 splendesceret
933 1291 982 1341 ortu

167 1373 264 1436 Terra
275 1378 390 1452 nitens,
406 1376 601 1457 pulchrasque
613 1377 718 1436 darent
728 1395 781 1437 sua
793 1377 910 1438 semina
921 1374 1003 1454 fruge,

166 1465 330 1528 Viventem
342 1471 453 1530 ducens
465 1471 502 1530 ad
513 1480 613 1530 sancta
625 1467 729 1530 altaria
741 1468 857 1546 fetum,
883 1517 885 1522 .

130 1575 134 1582 ·
166 1559 309 1620 lnnocuis
322 1559 453 1621 sonuisse
467 1559 537 1622 Deo
549 1560 696 1621 balatibus
708 1580 838 1644 agnum,

166 1649 340 1714 Insinuante
353 1653 410 1711 fide
423 1655 514 1734 justus
527 1666 707 1738 cognoverat
719 1653 798 1714 Abel
811 1699 820 1730 ,

166 1743 207 1806 Et
217 1744 314 1825 capite
327 1743 428 1806 oblato
441 1745 551 1826 placuit
564 1767 633 1830 grex
645 1758 723 1807 totus
734 1746 772 1806 ab
784 1767 858 1807 uno.

165 1835 248 1921 Ergo
263 1838 313 1899 ubi
328 1838 422 1900 vitalis
436 1839 509 1901 fovit
522 1851 550 1898 te
563 1837 688 1923 lympha
699 1838 828 1914 lavacri,

166 1930 298 2010 Jamque
311 1951 396 1994 suum
409 1932 527 2012 peperit
538 1931 663 1993 coelestis
672 1933 765 2016 gratia
775 1934 902 2014 pignus:

166 2022 197 2088 N
202 2045 241 2086 on
255 2024 308 2086 tibi
324 2037 473 2110 gemmato
488 2017 615 2105 posuere
628 2024 756 2085 monilia
767 2023 866 2102 eollo,
967 2017 972 2024 ’

164 2117 275 2180 Necte
289 2119 434 2194 contexit,
449 2129 522 2178 noto
537 2138 601 2197 quae
612 2117 739 2199 fulgurat
750 2136 823 2177 auro

165 2209 270 2290 Vestis¹
280 2209 439 2272 ductilibus
452 2209 632 2271 concludens
644 2208 694 2269 fila
708 2209 833 2269 talentis.

167 2299 275 2364 Necte
291 2299 451 2361 Sidonium
463 2301 509 2362 bis
520 2301 596 2362 cocti
612 2301 734 2362 muricis
748 2313 864 2362 ostrum

165 2393 285 2467 Induit,
299 2405 348 2452 aut
360 2393 449 2452 rutilo
463 2393 622 2473 perlucens
632 2414 765 2476 purpura
778 2393 867 2470 suco,

167 2483 276 2548 Mollia
288 2483 336 2545 vel
350 2495 426 2544 tactu
441 2505 505 2563 quae
517 2488 639 2547 mittunt
651 2487 762 2548 vellera
777 2485 875 2548 Seres.

166 2577 237 2642 Nec
248 2576 302 2638 tibi
316 2575 482 2637 transfossis
493 2577 618 2640 fixerunt
630 2580 751 2641 auribus
764 2598 888 2664 aurum,

167 2669 241 2752 Quo
255 2672 457 2753 dependentes
470 2686 610 2732 ornarent
625 2673 746 2734 vulnera
757 2671 875 2746 baccae,
1024 2631 1025 2707 l

167 2763 210 2826 Et
220 2766 350 2846 pretiosa
363 2765 485 2844 quidem
498 2765 591 2826 malas
602 2768 654 2826 sed
667 2784 732 2825 saxa
743 2774 906 2847 gravarent.

170 2857 271 2922 batius
280 2858 344 2920 brec
356 2879 427 2919 vero
440 2871 556 2921 sanctus
569 2859 710 2921 describit
720 2855 842 2942 Esaias,

171 2943 363 3032 Ornatusque
376 2949 468 3012 relert
478 2951 592 3028 varios,
607 2953 659 3032 qui
670 2950 808 3012 membra
818 2953 978 3012 venustant,

172 3045 251 3126 Quae
262 3065 331 3106 mox
343 3044 498 3127 pascendis
509 3047 684 3126 praebebunt
698 3043 849 3107 vermibus
862 3055 971 3108 escam,
1022 3099 1023 3146 p

172 3137 212 3200 Et
224 3137 323 3200 forsan
336 3139 407 3199 dum
420 3136 480 3201 vita
492 3153 606 3202 manet:
618 3157 794 3223 percurrere
807 3132 906 3200 verbis
