2106 3846
9 329 131 416 ³37·
277 325 692 396 csuursunrnyru.
847 337 906 420 ²5⁷

4 437 206 510 scanderet,
220 419 307 514 atque
318 436 434 496 bunum
447 436 532 496 fieret
544 434 629 498 Deus
635 437 783 514 ¹omnibus
797 460 906 502 unum.

51 531 127 592 Cur
140 549 213 590 vero
226 529 350 588 hnmani
359 529 476 610 generis
489 529 526 590 de
537 531 673 612 germine
685 542 749 590 toto
907 601 911 610 ¹

1 621 88 686 Pars
103 624 245 702 quaedam
256 622 287 682 in
303 619 425 682 Christo
441 643 559 682 rursum
571 625 741 705 generanda
752 623 886 708 legatur,

5 717 89 777 Pars
103 727 213 797 pereat
222 735 317 790 „cum
329 733 415 776 causa
429 715 534 774 eadem
545 715 634 779 simul
642 716 779 797 implicet
787 739 906 796 omues,

4 811 82 871 Nee
95 809 310 870 discernantur
322 808 432 868 merito
443 807 495 886 qui
509 829 634 869 munere
647 810 754 872 distant
768 835 776 871 ι

7 903 89 966 Non
104 903 176 964 satis
187 903 332 964 audemus
342 901 484 975 serutari,
499 923 554 963 nec
567 923 622 982 per
634 916 754 983 opertas

7 998 62 1058 lre
76 997 162 1068 rias,
177 995 327 1074 callesque
340 996 432 1076 gradu
445 994 562 1075 pulsare
576 1011 722 1059 remotos.

11 1089 118 1149 Multa
133 1088 247 1149 etenim
262 1088 340 1148 bene
352 1101 429 1150 tecta
441 1087 553 1164 latent,
568 1091 741 1170 nescitaque
758 1104 886 1173 prosunt
901 1115 908 1153 ι

13 1181 106 1245 Dum
120 1195 275 1242 mansueta
289 1182 512 1260 tides-quedam
521 1183 611 1244 dilata
624 1186 761 1247 modeste

16 1273 152 1336 Sustinet
165 1320 175 1348 ‚
192 1274 317 1338 utnulla
330 1275 521 1357 ignoratnon
534 1277 613 1336 edita
626 1278 747 1337 damno.

14 1366 69 1429 Sic
84 1370 208 1446 quando
218 1368 347 1428 electum
359 1387 393 1428 ex
404 1369 519 1430 cunctis
530 1369 679 1450 populum
693 1368 777 1431 Deus
791 1391 886 1431 unum

14 1459 117 1544 Lege,
131 1461 227 1522 sacris
236 1460 390 1540 ‚,templo‚
405 1474 576 1543 unguento,
589 1461 737 1544 signisque
751 1463 887 1539 fovebat,
952 1465 954 1470 ’

58 1555 159 1634 Quod
167 1555 223 1614 suit
231 1554 381 1615 occultum
390 1597 399 1629 ‚
409 1556 576 1632 mundique
587 1557 618 1616 in
630 1560 689 1616 fine
697 1571 841 1619 retectum
853 1570 907 1634 est,

15 1647 92 1710 Non
108 1650 220 1709 oberat
230 1647 361 1722 nescire,
374 1667 482 1707 omues
495 1650 675 1728 quandoque
688 1653 836 1712 vocandas

17 1741 53 1801 ln
67 1761 199 1824 regnum
211 1753 355 1802 aeternum
369 1754 489 1822 gentes,
505 1754 659 1824 totumque
673 1766 728 1824 per
741 1745 851 1804 orbem

18 1833 230 1908 Donandutn‚
244 1835 326 1911 quod
339 1853 407 1913 spes
419 1854 517 1914 parvae
528 1847 599 1897 tune
611 1834 708 1914 plebis
716 1827 857 1896 ,hahebat

61 1927 115 1989 Sic
127 1939 286 2008 postrema
297 1927 360 1988 dies
373 1947 431 2006 qua
444 1928 549 1988 mundi
561 1928 706 1990 clauditur
719 1941 804 2004 aetas,

2 2092 5 2102 q
20 2019 148 2080 Notitiae
160 2032 271 2082 nostrae
285 2039 346 2080 non
361 2032 403 2080 est
417 2021 502 2097 data,
517 2043 574 2083 nec
586 2017 688 2082 tsme'n
700 2021 803 2101 hujus·

24 2109 139 2174 Secreti
153 2113 316 2192 impatiens
326 2126 497 2185 sanctorum
508 2115 596 2174 turbs
608 2113 734 2172 laborat.

64 2204 135 2286 Ipsa
147 2225 269 2285 qnoque
281 2207 404 2268 huutani
415 2207 533 2288 generis
546 2203 672 2266 carnalis
683 2205 788 2287 origo,
841 2235 845 2240 ·

1 2311 2 2314 ’
24 2298 129 2377 Quam
140 2299 250 2358 multas
264 2298 345 2358 vario
357 2299 543 2381 circumtegit
557 2297 663 2359 ordine
674 2301 798 2362 causas?

26 2392 173 2479 Cumque
188 2411 293 2452 omnes
307 2392 343 2452 de
353 2391 504 2453 fermento
518 2395 664 2474 producat
674 2395 784 2456 eodem

25 2485 101 2544 Una
110 2495 216 2546 manus
230 2527 238 2559 ‚
254 2505 310 2546 nec
320 2485 447 2544 diversis
461 2483 610 2548 elementa
620 2483 784 2567 ¹parentum

26 2575 191 2658 Principiis
203 2589 311 2642 coeant
324 2600 331 2637 ε
347 2577 426 2641 limo
438 2580 578 2659 procedit
590 2579 628 2642 ab
643 2600 703 2646 uuo

25 2671 140 2753 Dispar
150 2691 245 2752 opus,
259 2683 354 2732 mutat
365 2691 508 2735 numeros
519 2695 574 2755 per
586 2673 704 2737 vascula
716 2671 803 2734 fictor
815 2713 828 2747 r

24 2761 251 2844 Materiamque
261 2784 353 2825 unam
364 2765 506 2828 discernit
515 2769 580 2848 jure
592 2765 728 2828 creantis.

24 2855 108 2941 Ergo
122 2859 230 2919 eadem
244 2871 350 2921 natura
361 2860 488 2934 animae,
502 2874 666 2938 naturaque
678 2859 776 2920 carnis

24 2947 167 3014 Diversis
179 2953 327 3012 mundum
338 2953 393 3014 sub
407 2953 629 3016 conditionibus
638 2953 738 3013 intrat.

27 3042 88 3106 His
97 3065 224 3128 regnare
237 3047 340 3107 datum
352 3060 415 3120 est;
429 3046 497 3108 illos
509 3047 621 3108 servire
631 3065 750 3108 necesse
764 3059 807 3108 est
820 3068 828 3118 3

29 3135 98 3202 Hos
107 3140 220 3218 decor,
235 3153 265 3206 et
277 3140 354 3204 vires
366 3141 490 3220 validae,
503 3139 665 3228 viridisque
675 3153 809 3210 senectus
