2172 3862
143 328 207 408 466
425 281 754 391 o'tinconolt
949 353 1034 418 ⁷¹77·

146 435 306 510 (iunonis,
323 445 354 495 et
367 433 479 496 ventris
490 451 593 495 curam
605 432 670 494 sine
681 430 768 494 lande
779 431 942 514 ferentes,

142 529 261 614 lgnnri,
275 528 345 608 quia
359 527 493 608 quisquis
503 527 561 590 erit
573 527 727 610 prementis
738 539 860 608 amator

143 621 223 684 Vitee
236 666 245 699 ‚
259 622 426 702 animmque
439 641 519 698 euae,
534 639 597 682 non
611 621 706 705 diligit
717 619 769 683 ille
782 665 792 698 ‚
804 623 860 683 sed
873 624 955 685 odit.

148 711 353 799 Contemptor
366 714 435 776 ritae
448 714 541 798 magis
553 711 603 778 hic
616 728 749 778 servator
757 714 901 778 habetur.

184 809 242 872 Nil
255 831 332 894 opus
345 821 389 872 est
398 809 543 891 proferre
550 809 621 872 Deo
632 833 639 872 ε
652 810 801 872 sententia
814 810 920 894 prisea
934 825 998 890 est,

144 901 307 966 Summum
318 904 407 965 crede
419 902 644 966 nesasanimam
653 905 796 985 preferre
809 907 941 986 puriori.

145 995 249 1077 Quam
258 997 296 1060 sit
307 997 417 1081 grande
428 997 513 1060 nefas
526 998 660 1059 animam
672 997 819 1079 praeferre
833 1000 959 1075 datori,

144 1092 280 1154 Demere
290 1093 364 1152 ‹inr'n
375 1090 483 1167 liceat,
496 1092 644 1184 quidquid
656 1091 758 1168 dedit,
773 1105 804 1152 et
815 1092 867 1154 cui
882 1093 1022 1156 confert?

146 1183 228 1270 Ergo
241 1184 346 1247 Deum
357 1187 483 1249 eicorda
494 1186 594 1248 colant
607 1231 616 1264 ‚
632 1199 662 1247 et
675 1195 761 1268 mens
775 1199 962 1266 veneretur,

149 1278 209 1342 Nit
222 1278 300 1362 opus
310 1279 511 1362 ret‘praeferre
521 1279 613 1356 Deo,
626 1279 713 1342 Deus
726 1280 827 1341 omnis
837 1301 930 1342 amor
941 1281 979 1343 sit

148 1373 227 1435 Ante
242 1374 374 1435 animam
389 1417 399 1451 ‚
413 1372 541 1435 simulet
554 1373 621 1434 vitae
636 1373 792 1454 praesentis
801 1394 948 1436 amorem

148 1464 315 1551 Postponat
326 1489 411 1530 urens
419 1487 494 1550 pura
502 1465 574 1528 Deo
587 1510 596 1543 ‚
609 1479 763 1545 totamque
776 1467 909 1528 salutem

147 1562 298 1646 Rejiciat,
311 1574 485 1624 contemnat
498 1580 573 1641 opes
587 1604 596 1637 ‚
610 1559 797 1641 patrimonia
810 1552 939 1624 damnet
953 1606 963 1640 ,

148 1656 187 1718 Et
199 1677 319 1721 securus
331 1656 389 1720 erit
397 1655 467 1716 nitoe
480 1654 616 1715 melioris
629 1665 747 1714 amator

147 1748 353 1829 Temporibus
362 1747 426 1808 sine
440 1747 500 1808 fine
514 1747 610 1821 datis,
624 1746 690 1806 sine
703 1744 803 1807 limite
817 1768 944 1831 perpes.

148 1844 244 1928 Quod
255 1853 370 1924 spectat
380 1841 493 1917 finem,
508 1839 612 1924 fragile
624 1853 687 1916 eet,
700 1852 861 1919 totumque
879 1844 1031 1906 caducum.

191 1935 294 2018 Quam
306 1935 344 1997 eit
357 1935 503 2016 insipieus
512 1946 708 1996 contemnere
716 1932 794 1996 velle
806 1955 971 2015 perenne,

148 2032 190 2094 Et
200 2031 323 2094 modico
337 2027 535 2110 quaesissedie
546 2029 679 2110 peritura
686 2039 828 2110 repente,

146 2124 277 2190 Abrnhae
290 2124 416 2185 doceant
426 2125 488 2204 jam
501 2141 558 2184 noe
568 2121 706 2203 exempla
717 2122 876 2206 parentis,

148 2216 327 2300 Qui-natum
341 2217 444 2278 senior
459 2229 629 2299 susceptum
639 2217 754 2278 tardius
766 2237 863 2278 unum

147 2301 210 2394 Spe
224 2314 284 2377 cito
296 2311 497 2392 contempsit,
511 2312 605 2394 jussus
614 2310 757 2390 produxit
770 2311 809 2372 ad
824 2330 933 2388 aram,

83 2430 86 2435 ·
146 2406 330 2489 Aptavitqoe
339 2403 408 2468 neci
417 2403 514 2464 nimia
527 2403 639 2484 pietate
650 2416 812 2477 eruentus;

146 2499 270 2563 Nudato
283 2515 431 2558 mucrone
440 2510 528 2580 peter
537 2541 547 2572 ,
556 2496 636 2557 ferus
648 2495 700 2557 itte
713 2499 854 2560 sacerdos

146 2593 251 2658 Stabat
263 2592 294 2652 in
314 2590 416 2653 officio
429 2593 553 2673 jamjam
565 2589 706 2653 feriturus
718 2604 873 2669 mutum,

144 2687 186 2765 Et
199 2687 267 2770 pins
279 2684 424 2763 immitis,
437 2705 501 2747 non
515 2686 607 2746 tristis
621 2678 720 2747 fronte
738 2685 852 2748 doloris
866 2730 877 2763 ‚
941 2687 945 2692 ’

144 2782 219 2844 Non
232 2780 373 2864 lacrymis
384 2767 524 2840 undando
537 2799 646 2864 genae,
659 2799 722 2840 non
734 2779 883 2864 unguibus
894 2801 951 2843 ora

143 2873 322 2937 Dilaeeraus
334 2899 342 2936 ε
355 2867 604 2951 lamentantem,
619 2886 649 2935 et
663 2874 789 2936 verbera
802 2871 933 2937 cessant.

99 2965 103 2976 ’
143 2967 227 3032 Nato
238 2969 353 3050 peccati
368 2969 462 3052 pietas
469 2987 572 3031 secura
584 2967 717 3030 minatur

142 3061 276 3125 Exitium
291 3060 376 3122 :sine
390 3075 488 3124 morte
501 3062 578 3144 truci
592 3082 649 3145 pro
663 3061 769 3122 sunere
781 3059 845 3120 nati

141 3153 193 3220 Sic
206 3156 304 3220 solum
316 3154 447 3219 exhibito
461 3169 529 3219 nata
539 3168 582 3219 eet
591 3157 738 3220 immensa
750 3175 897 3240 propago.
