2106 3846
6 323 126 406 47..
248 292 658 408 cunutu.tts.1v.
746 316 886 378 ·-263

33 431 106 515 luge
120 443 152 492 ιιι
165 427 244 494 ncvs
254 454 326 516 gens
336 471 345 510 ,
357 433 479 497 hostiles
490 434 586 517 elluge
599 451 717 505 sensus,

21 537 33 582 t
45 525 158 606 procul
170 546 189 586 a
201 525 315 606 laqueis
324 527 443 608 sapiens
453 530 613 611 abjungere
625 525 741 586 mortis.
755 557 759 584 ¹.

24 619 140 681 b'ristus
152 609 236 681 enim
250 635 300 684 tua
311 622 422 704 justitia
434 635 497 701 est,
511 644 570 703 quo
583 635 610 682 te
622 623 697 682 duce
710 631 829 700 oportet
918 683 924 688 ,

26 733 137 776 urrere
148 759 158 791 ,
170 737 211 776 ne
222 737 324 779 cursus
337 713 458 795 Christo
471 718 557 792 siue,
572 717 608 777 sit
620 735 707 798 vagus
720 733 814 774 error.

14 800 108 869 ‘emo
124 811 257 886 etenim,
271 830 363 876 nemo
375 823 433 886 est,
448 811 569 891 quinon
583 831 652 872 cum
661 807 783 869 vulnere
795 806 887 888 primi

23 904 45 962 it
61 903 157 986 patris
169 905 305 988 genitus:
321 926 382 984 quo
395 904 518 966 vulnere
532 925 620 981 mens¹
631 904 714 986 prius
727 903 806 962 intus

1 994 148 1060 Percussa
161 1011 221 1076 est,
236 1019 328 1078 quam
339 999 557 1067 membraloris
571 1023 577 1059 :
593 1019 663 1061 cum
672 1009 773 1059 mente
783 1015 888 1075 recep-

169 1106 290 1154 tumcst

5 1184 103 1264 Quod
116 1189 237 1271 regione
249 1187 314 1269 poli
327 1189 449 1270 disjecta
459 1187 601 1268 superbia
614 1187 712 1246 suasit.
725 1233 726 1238 1
811 1251 814 1258 ⁴

5 1275 60 1340 Sic
74 1280 191 1341 animus
204 1281 253 1343 cui
265 1280 368 1342 lumen
382 1292 449 1346 erat
458 1283 495 1342 dc
507 1279 622 1340 lumine
632 1298 770 1353 summo,

2 1371 178 1434 Arbitrium
190 1374 315 1436 involvit
327 1374 476 1448 tenebris,
490 1385 520 1434 et
530 1372 599 1434 luce
610 1371 714 1434 relicta

6 1464 147 1530 Consilio
157 1467 229 1552 legit
240 1481 323 1530 tetrae
336 1469 502 1550 nigrescere
515 1465 623 1528 noctis.

5 1558 35 1618 N
37 1578 72 1619 ec
84 1560 150 1641 jam
161 1562 296 1640 captivos
309 1561 412 1623 oculus
423 1560 563 1621 extollere
577 1560 610 1618 in
621 1558 712 1620 altum

7 1649 124 1732 Sponte
137 1664 240 1734 potest
253 1679 260 1714 :
275 1654 419 1734 quoniam
431 1653 489 1716 boc
501 1654 592 1714 etiam
605 1654 753 1735 spoliante
765 1667 893 1737 tyranno

8 1743 164 1824 Perdidit,
180 1760 213 1806 ut
223 1761 334 1827 quanto
344 1750 439 1831 jaceat
450 1747 505 1811 sub
519 1747 641 1810 vulnere
651 1748 742 1810 norit.

49 1837 83 1900 si
95 1841 172 1921 quid
183 1841 266 1901 enim
279 1843 316 1903 de
327 1841 487 1925 principiis
499 1841 637 1903 felicibus
648 1841 693 1901 illi

7 1929 48 1992 Et
58 1935 119 1994 rita
133 1933 232 1995 exsilii
244 1948 378 2016 superest
391 1937 555 2017 prudenter
567 1936 679 2018 agenda
690 1978 699 2007 ,

12 2023 84 2087 Hoc
93 2047 220 2103 nuum,
236 2040 265 2088 et
278 2049 337 2109 quo
351 2028 395 2090 nil
407 2028 496 2090 suerit
507 2027 664 2104 sublimius
676 2027 707 2087 in
721 2048 752 2088 se

13 2114 135 2197 Credit,
150 2133 291 2200 amatque
304 2141 390 2184 suum
404 2122 509 2183 mundi
520 2120 818 2201 sapientiasensum,

10 2209 189 2298 Innumeras
202 2214 314 2278 claram
326 2237 390 2278 sese
402 2214 510 2278 mirate
523 2233 580 2295 per
590 2225 683 2289 artes,

12 2303 107 2386 Quod
120 2309 301 2390 conjecturis
313 2308 493 2371 sublimibus
505 2307 606 2369 abdita
615 2308 740 2388 quaerit,

13 2395 108 2475 Quod
121 2401 263 2462 meminit
275 2414 356 2465 recte
366 2402 467 2480 ‚sapit
478 2403 610 2475 acriter,
616 2402 741 2464 aestimat
754 2414 839 2482 apte,

15 2487 110 2568 Quod
121 2490 253 2552 studium
267 2489 349 2552 laudi
362 2491 508 2568 excoluit,
523 2495 604 2575 quod
615 2494 729 2578 legibus
740 2486 828 2560 urbes
925 2513 929 2517 ’

12 2579 164 2660 Instituit,
180 2604 337 2666 moresque
351 2585 431 2656 leros
444 2585 560 2654 ratione
573 2588 696 2664 recidit,

17 2673 58 2735 Ut
69 2698 169 2758 poenae
181 2691 278 2740 metus
291 2678 392 2741 officio
405 2680 525 2740 certarit
537 2683 658 2742 amoris.

51 2771 126 2832 Jam
139 2793 210 2834 cum
223 2785 375 2834 exercetur
388 2773 521 2835 numeris
534 2775 682 2834 adsidere
695 2773 761 2836 coeli
800 2796 802 2804 ¹

13 2860 73 2925 Per
86 2887 190 2928 cursus
201 2867 351 2930 noscenda
364 2888 448 2943 suos,
463 2879 493 2930 et
505 2867 582 2928 scire
595 2867 711 2929 videtur

12 2955 159 3024 Defectus
171 2961 243 3022 'solis
253 2962 352 3024 varios
360 2961 520 3042 ,lunaeque
528 2961 696 3038 labores,

15 3049 116 3130 Quam
129 3055 267 3137 speciosa
277 3056 334 3118 sibi
349 3068 411 3131 est,
426 3069 455 3116 et
467 3075 558 3136 quam
572 3057 701 3118 vanescit
712 3057 743 3117 in
757 3079 765 3115 ι
769 3059 871 3138 psus

54 3143 134 3226 Quae
148 3148 219 3212 licet
231 3171 265 3212 ex
277 3151 378 3232 primo
392 3163 504 3212 naturae
515 3150 680 3214 habeantur
691 3152 806 3214 honore
818 3194 827 3225 ,
