2198 3844
154 437 379 506 Hebraeumque
392 422 482 482 deeus
493 406 607 475 Daniel
618 400 788 467 decernitur
801 391 903 454 insons

150 535 176 595 J
179 529 273 614 ejunis
286 522 439 586 eibusesse
452 509 539 578 senis3
552 503 604 565 sed
615 496 715 560 bellua
727 495 804 574 justo

153 624 241 688 Mitis
250 621 325 688 saeta
335 612 400 673 viro
409 605 423 685 3
435 614 550 667 sanctos
561 617 599 656 ne
613 591 839 657 laederemus,

155 717 257 799 Coepit
266 726 365 772 amare
379 703 507 771 samem,
522 692 619 753 rabies
631 681 750 745 mollita
762 677 897 748 furorem

155 807 322 893 Deposuit,
336 797 476 874 saevisque
484 790 515 849 in
529 782 661 846 saucibus
674 777 718 835 ira
731 768 863 851 quievit,

154 909 196 971 Et
206 903 336 966 didicere
345 907 443 953 truces
454 882 586 966 praedam
601 889 718 934 servare
731 865 846 943 leones.

113 1074 120 1081 ,
199 998 260 1060 Dic
273 991 323 1054 ubi
337 997 420 1058 sunt,
434 990 558 1048 natura,
572 983 629 1030 tuae
639 975 708 1046 post
717 958 787 1020 talia
800 950 905 1036 leges?
974 963 977 968 ·

157 1093 238 1175 Quis
251 1085 338 1149 toties
347 1077 404 1139 tibi
417 1078 481 1156 jura
490 1059 578 1129 tulit?
593 1061 659 1142 quis
671 1067 780 1116 tartara
792 1047 875 1130 jussit

155 1183 347 1251 'l'ransiatum
359 1169 474 1233 nescire
485 1162 601 1232 virum,
617 1148 809 1224 sterilemque
821 1136 931 1199 marito

158 1271 343 1345 Fecundavit
355 1281 466 1334 anum,
481 1271 594 1316 sacram
609 1240 750 1329 praecepit
763 1237 894 1296 adaram
943 1230 950 1242 “

162 1375 278 1455 Sponte
291 1359 393 1424 venire
406 1371 514 1434 pecus,
529 1341 692 1405 muliebres
703 1326 850 1393 transtulit
861 1336 939 1385 artus

160 1470 199 1530 ln
212 1457 369 1531 simulacra
379 1446 463 1508 salis:
478 1447 579 1501 ramos
586 1429 723 1492 incendia
737 1433 838 1505 pessos
873 1467 875 1472 ,

160 1561 237 1623 Non
249 1549 354 1613 ardere
367 1538 449 1600 dedit
461 1562 468 1594 ε
480 1528 639 1613 virgultum
651 1519 736 1582 solvit
750 1518 784 1575 in
796 1524 943 1592 anguem<

163 1653 226 1715 Per
239 1642 359 1727 pelagus
374 1627 493 1694 siccavit
504 1626 560 1684 iter
575 1643 582 1679 :
597 1611 734 1677 mirabile
745 1603 857 1668 nimbis
877 1630 880 1634 ·

164 1745 281 1808 Manna
293 1729 386 1815 pluit,
399 1741 467 1784 saxo
480 1699 581 1777 latices
594 1705 731 1792 produxit
743 1702 780 1761 ab
793 1699 874 1758 imo:

169 1823 407 1917 Quadrupedem
418 1813 475 1875 sari
487 1809 579 1890 pleno
592 1817 732 1863 sermone
745 1791 861 1872 coegit:
903 1845 906 1853 ,

119 1975 124 1988 ·
169 1920 327 2008 Suspensis
338 1911 457 1992 rapidas
470 1897 627 1965 elementis
638 1889 749 1951 distulit
762 1887 873 1944 horass

168 2025 231 2087 Per
242 2008 378 2079 volueres
389 1996 547 2062 bominem
564 1987 647 2070 pasci
659 1981 756 2054 dedit,
771 1989 857 2052 atque
870 1966 1002 2032 coruscis

168 2119 206 2179 ln
218 2110 325 2175 eoelum
337 2089 495 2160 transvexit
506 2083 589 2165 equis
604 2105 610 2140 :
622 2082 683 2160 jam
697 2084 796 2134 morte
807 2077 926 2152 gravato

170 2203 287 2287 Adjeeit
299 2195 355 2254 tria
365 2191 456 2248 lustra
468 2183 534 2241 viro
549 2201 556 2235 ε
571 2169 721 2255 praedonis
733 2167 765 2224 in
781 2182 834 2223 ore

171 2289 338 2371 Naufragio
351 2275 483 2342 [undavit
495 2261 585 2350 opem
598 2289 606 2324 :
622 2261 763 2344 flagrante
774 2253 893 2318 camino
912 2315 916 2322 K

176 2382 311 2456 Servavit
321 2374 376 2438 sub
385 2389 454 2430 rore
467 2364 553 2446 pios:
567 2378 623 2439 per
634 2373 741 2437 pasena
756 2367 857 2431 regem

173 2482 281 2551 Parit,
297 2484 327 2552 ut
336 2467 480 2528 hirsutam
492 2452 659 2538 pecudem,
674 2446 822 2522 rictusque
836 2437 978 2506 leonum,

174 2562 382 2643 instimulante
395 2555 473 2614 same
485 2593 494 2623 ,
505 2545 589 2630 jussit
601 2541 715 2603 nescire
728 2537 862 2597 furorem
875 2532 888 2591 ,Ρ

175 2671 300 2744 Nempe
314 2646 441 2717 creatori
454 2643 560 2723 (eujus
571 2651 752 2716 quaeeunque
764 2629 901 2689 videntur

178 2767 241 2828 Seu
254 2761 434 2837 quaeeunque
447 2741 550 2808 latent,
560 2744 595 2802 ,et
605 2747 706 2794 rerum
719 2721 855 2784 maehina
867 2731 966 2778 sermo
978 2715 1048 2789 est)

179 2858 284 2920 Omne
293 2859 379 2906 suum
390 2831 548 2922 famulatur¹
555 2845 634 2906 opus
645 2866 655 2897 ‚
667 2818 856 2898 sequiturque
869 2807 998 2893 jubentis

177 2941 365 3028 Imperium,
380 2941 555 3008 quocunque
566 2916 655 2977 trahit
666 2908 810 2974 sententia
823 2917 904 2966 nutu.

219 3032 305 3101 Heu!
320 3021 438 3095 miseri,
452 3016 502 3096 qui
515 3031 589 3076 vana
602 3009 721 3082 colunt,
743 3000 794 3081 qni
813 2998 903 3060 eorde
914 2993 1037 3054 sinistro

179 3103 345 3212 Rolligiosa
357 3114 415 3181 sibi
430 3109 567 3193 sculpunt
578 3101 753 3174 simulacra,
767 3110 912 3171 suumque
