2102 3846
121 257 167 321 tu
381 259 730 330 uunrnurr‘
907 287 1003 350 cip:

120 354 218 424 Alma
226 381 351 445 pareus,
365 365 470 425 muudi
478 363 652 430 Dominum
663 367 797 448 paritura
806 383 958 451 potentem
968 417 984 450 ,

122 455 206 517 Nam
220 471 248 516 te
264 458 351 540 digua
359 471 480 520 manent
489 460 605 540 generis
613 462 759 526 cunabula
771 465 886 540 sancti,

121 547 227 624 Vade,
242 551 300 624 ait,
313 570 331 610 o
345 550 414 610 [elix
426 551 487 610 uati
502 554 632 632 pietate,
645 575 822 635 quocunque
834 557 946 621 vocaris
953 599 973 634 ,.

122 641 273 723 Auspiciis
284 645 555 722 manifestanovis,
570 647 618 708 hic
629 648 752 708 vertitur
761 651 836 712 ordo
848 694 872 728 „

124 733 262 814 Hujusiu
276 739 402 798 adventu
410 739 497 814 fides,
511 755 540 800 et
553 740 633 799 fama
645 742 795 820 perennis.

123 825 251 889 Dixerat
264 852 271 887 ε
284 829 335 891 illa
344 852 454 911 pauens
468 833 569 917 oculos
578 833 687 894 suffusa
700 836 847 912 nitentes,

124 921 302 1004 suspirans,
315 924 436 1005 imoque
445 926 563 986 trahens
575 940 723 1006 apectore
734 949 860 1002 vocem,

122 1013 218 1099 Virgo
231 1017 341 1077 relert:
358 1016 448 1077 Haud
461 1019 606 1097 equidem.
615 1019 665 1079 tali
675 1041 723 1080 me
741 1021 847 1102 dignor
865 1021 1003 1081 honore:
1049 1008 1051 1053 l

123 1108 199 1171 Non
211 1111 281 1192 opis
296 1123 339 1170 est
351 1124 458 1171 nostrae
468 1155 482 1184 ,1
499 1133 556 1173 uec
569 1112 632 1185 sas,
652 1133 707 1174 nec
729 1115 862 1196 conjugis
873 1134 1011 1196 uuquam·

125 1201 274 1264 Praerendi
287 1205 395 1275 taedaS,
410 1204 529 1264 authaee
542 1205 574 1262 in
586 1204 696 1264 foedera
707 1207 774 1266 veni
786 1228 803 1277 ;.

126 1295 187 1358 Sed
198 1310 263 1377 post
277 1300 354 1377 jussa
367 1296 470 1356 Deum
484 1297 559 1356 nssiil
571 1311 629 1371 est,
645 1301 725 1378 quod
738 1300 816 1360 dicta
827 1319 972 1362 recusem.

125 1389 273 1470 Accipio,
286 1409 472 1470 agnoscoque
485 1391 581 1452 libens
594 1414 600 1449 ε
616 1413 725 1470 sequor
736 1393 838 1452 omina
849 1406 928 1454 tauta
937 1435 954 1469 ,

127 1482 346 1560 Promissisque
360 1485 459 1564 patris·
467 1506 592 1562 exequar
603 1476 732 1546 coelestia
743 1488 844 1560 dona,

125 1575 311 1662 Admiranda
324 1575 385 1638 Dei
398 1591 545 1640 tantarum
559 1599 683 1640 munera
694 1577 825 1641 laudum.
856 1591 860 1596 ’

127 1667 273 1731 Panditur
288 1672 399 1731 interea
409 1675 515 1733 domus
529 1674 744 1753 omnipotentis
755 1673 873 1758 olympi

128 1762 284 1826 Sideream
295 1766 328 1825 iu
339 1767 458 1840 sedem,
473 1779 566 1826 terras
579 1769 657 1826 unde
669 1769 776 1828 arduus
788 1787 893 1826 omncs

128 1857 262 1939 Aspicit,
275 1872 304 1919 et
318 1872 420 1919 uatum
430 1859 527 1920 verbis
541 1857 702 1939 compellat
711 1858 815 1920 amicis
827 1883 842 1918 :-

128 1950 229 2028 Nate,
243 1973 317 2013 meae
330 1954 427 2028 vires,
440 1972 506 2012 mea
522 1972 628 2034 magua
638 1954 773 2033 potentia
784 1950 865 2011 solus
874 1995 890 2026 ‚1

129 2043 227 2120 Nate,
242 2046 415 2124 mihiquem
429 2044 584 2132 nulladies
596 2046 634 2105 ab
646 2045 760 2128 origiue
772 2066 873 2104 rerum

130 2137 318 2199 Dissimilem
327 2138 472 2219 arguerit,
485 2138 628 2222 comitem
637 2137 864 2218 complectorin
873 2155 991 2197 omnes.

130 2229 177 2291 Te
187 2231 250 2290 sine
261 2230 305 2290 nil
318 2228 410 2289 altum
422 2250 507 2290 meus
518 2229 637 2290 inchoat
651 2253 658 2289 :
673 2229 775 2289 omnia
788 2251 908 2290 mecum

131 2321 272 2384 Aliternis
285 2323 361 2406 regis
373 2322 526 2402 imperiis,
542 2335 570 2381 et
584 2323 725 2402 quidquid
740 2323 851 2402 ubique
866 2333 919 2382 est.

118 2415 316 2498 Nullameis
328 2414 391 2474 siue
405 2427 433 2474 te
448 2421 596 2495 quaeretur
606 2415 703 2497 gloria
714 2416 802 2476 rebus
817 2440 824 2475 ε

132 2507 249 2574 Omnia
260 2509 314 2568 sub
326 2508 469 2588 pedihus,
484 2517 544 2585 qua
554 2508 600 2567 sol
613 2520 770 2587 utrumque
784 2506 955 2568 recurrens,

133 2602 251 2684 Aspicit
263 2599 590 2678 oceanum,.vertique,
605 2601 723 2682 regique
731 2600 886 2661 ridebunt.

58 2683 62 2694 λ
136 2695 215 2775 Quae
226 2694 281 2755 tibi
292 2693 458 2774 polliceor,
476 2713 572 2770 neque
587 2704 630 2751 est
643 2705 673 2751 te
685 2691 790 2752 fallere.
801 2692 986 2770 quidquam,

67 2785 72 2790 ’
136 2788 211 2850 llaec
222 2787 278 2846 tibi
289 2787 408 2865 semper
421 2796 506 2845 eruut
518 2789 618 2846 'vatum
629 2785 770 2863 praedicta
782 2785 920 2864 priorum
932 2807 963 2842 :a

136 2879 205 2942 Nec
216 2898 290 2942 mea,
295 2881 357 2964 jam
370 2889 481 2939 mutata
493 2876 561 2938 loco
573 2877 720 2938 sententia
730 2878 817 2938 cedit.

137 2969 286 3048 Nascere,
299 2991 420 3052 praeque
433 2971 514 3030 diem
526 2969 647 3030 veniens
661 2988 729 3052 age,
742 2968 863 3042 lucifer,
878 2966 1020 3042 almurus

138 3062 231 3126 Unde
241 3065 331 3128 etiam
342 3084 464 3146 maguus
475 3062 753 3126 coelurumuascitur
764 3063 867 3134 urdo;.
