2102 3846
16 336 111 422 ²375·
200 345 472 402 nosuuuoru
502 351 588 404 uro
615 345 678 407 111.
823 343 915 422 153¹

16 443 129 530 iogeret
142 443 261 504 offenso
274 443 394 505 tandem
408 464 438 504 se
453 447 578 508 reddere
591 449 689 527 patri,

16 537 239 618 :oufessumque
251 559 339 598 reum
350 537 445 599 laxato
457 541 583 602 crimine
597 541 682 622 snivi,

16 633 139 713 denique
154 645 337 713 prostratum
348 633 431 693 mitis
440 647 530 715 pater
537 633 646 696 allevat
658 635 738 697 uitro
749 681 757 712 ‚

16 725 47 786 Et
57 727 205 809 trepidum
216 727 327 789 blanda
337 726 451 788 sciatur
461 748 535 790 vnce
546 731 707 810 pudorem.

16 817 140 882 Ornatus·
148 821 254 883 reduci
269 822 356 908 restis
367 822 418 882 dat
431 822 531 903 prima
543 825 707 900 secundos,

16 911 139 994 luctaque
151 913 309 976 sollemnis
321 915 452 981 celebrat
465 917 601 980 convivia
611 931 721 993 suetus,

18 1008 97 1087 Quod
109 1011 242 1072 rediviva
255 1010 316 1071 suis
324 1013 455 1090 quodam
469 1015 505 1072 de
517 1013 619 1074 funere
631 1013 732 1094 prodes

16 1101 127 1187 surgat,
142 1118 172 1166 et
186 1106 295 1166 orbato
309 1107 433 1166 redeant
444 1127 522 1168 nova
535 1107 650 1167 lumina
663 1108 750 1188 patri
814 1117 817 1120 ’

19 1196 52 1256 dt
63 1211 108 1272 tu,
124 1197 310 1280 praepediens
321 1199 483 1262 hominum
497 1223 658 1282 rerumque
671 1215 805 1276 erector,

20 1290 188 1374 Quanquam
200 1303 307 1354 cuncta
318 1295 392 1356 verus
401 1295 469 1356 fidae
478 1309 616 1358 constare
627 1291 713 1354 saluti
723 1340 733 1370 ‚

19 1383 99 1448 Nulla
110 1402 211 1450 tamen
224 1388 336 1470 pateris
347 1401 456 1450 nostrae
468 1389 624 1471 dispendia
637 1389 761 1465 mortis,

18 1477 77 1543 Nec
86 1503 237 1565 quoquam
249 1495 394 1564 pereunte
407 1484 466 1544 tuis
478 1485 651 1568 contingere
661 1483 808 1544 domum

19 1572 128 1639 Divitiis
135 1578 260 1660 poteris,
272 1577 371 1640 nescis
381 1577 571 1658 decrescere,
587 1578 683 1640 neseis

22 1668 135 1752 Augei,
149 1687 178 1734 et
189 1673 282 1755 pleno
296 1685 406 1754 perstat
418 1673 474 1734 tibi
486 1671 582 1754 gioria
596 1692 698 1756 reguo.

24 1759 74 1826 Sed
84 1767 199 1829 iamniis
211 1780 244 1826 tn
253 1768 346 1828 redde
359 1767 416 1827 tuis
425 1768 508 1846 quod
520 1767 651 1848 perdidit
664 1767 784 1842 Adam,

26 1853 159 1944 Quodque
171 1861 240 1923 tulit
252 1862 388 1943 primum
399 1861 509 1932 vitiatae
521 1863 622 1945 stirpis
636 1862 740 1944 origo,

25 1948 93 2014 Orto
104 1957 235 2028 restituat
245 1955 357 2017 melior
369 1959 431 2038 jam
444 1956 505 2019 vita
516 1959 658 2030 secundo.

29 2041 164 2111 Sorduerit
176 2050 309 2132 nimium
319 2051 419 2113 lacero
432 2050 614 2114 circumdata
624 2049 720 2131 popio
744 2044 746 2046 ⁵

27 2135 124 2204 Forma
135 2159 236 2221 vetus,
250 2145 372 2208 scissam
384 2161 503 2226 ponens
516 2163 585 2206 cum
598 2143 847 2210 crimineressero
854 2142 873 2230 ,ff

28 2229 107 2298 Pallia
118 2241 216 2320 prima
228 2253 314 2321 pater
324 2239 461 2300 redeunti
474 2237 697 2322 porrigepru'ii.

29 2323 201 2394 seminecem
213 2333 365 2412 quondam
378 2332 524 2393 miserans
538 2333 589 2412 qui
601 2333 679 2392 forte
693 2343 847 2412 repertum

31 2416 241 2507 Proiectumque
252 2427 318 2502 ria,
333 2446 424 2504 quem
437 2427 506 2489 suevi
519 2428 598 2488 caede
612 2427 743 2488 latrones

30 2510 162 2596 impositis
175 2533 283 2583 cuncto
295 2519 459 2600 spoliarant
472 2521 601 2601 tegmine
614 2521 717 2605 plagis.

32 2602 129 2689 Sedu,
143 2625 261 2690 sancte,
275 2613 356 2674 viam
367 2626 487 2695 sumpto
501 2615 572 2674 dum
585 2635 713 2697 corpore
728 2612 842 2686 curris,

32 2695 130 2766 iuuenis
141 2707 259 2772 allisum
271 2751 278 2783 ,
292 2728 350 2770 nec
360 2709 494 2789 praeteris
509 2734 515 2770 ι
530 2710 653 2789 insuper
665 2726 777 2786 aegrum

30 2789 155 2864 Jumento
167 2801 264 2864 carnis
277 2802 410 2882 propriae
423 2803 477 2862 sub
490 2814 567 2864 tecta
580 2813 725 2882 reportas.

28 2882 480 2977 Nossuimusquondamrabido
494 2896 560 2956 data
575 2893 792 2974 praedasurori.
840 2975 844 2980 .
905 2963 908 2969 ¹
948 2938 949 2942 ,

30 2979 79 3044 Sed
88 2987 111 3046 si
120 3010 199 3052 nunc
209 2990 328 3053 medico
341 3002 496 3072 percurrat
507 2979 630 3049 vulnera
643 2989 726 3063 fotu,

30 3073 119 3142 Gratia
129 3086 297 3164 producens
311 3084 430 3159 oleum,
445 3083 591 3164 sapientis
600 3084 725 3158 vinum,

34 3164 541 3242 Commendetsubutosamaritiuiu
549 3189 746 3252 exterarum,

729 3268 877 3340 14·
