<?xml version="1.0" encoding="UTF-8"?>
<!DOCTYPE html PUBLIC "-//W3C//DTD XHTML 1.0 Transitional//EN"
    "http://www.w3.org/TR/xhtml1/DTD/xhtml1-transitional.dtd">
<html xmlns="http://www.w3.org/1999/xhtml" xml:lang="en" lang="en">
 <head>
  <title>
</title>
<meta http-equiv="Content-Type" content="text/html;charset=utf-8" />
  <meta name='ocr-system' content='tesseract 3.04.00' />
  <meta name='ocr-capabilities' content='ocr_page ocr_carea ocr_par ocr_line ocrx_word'/>
</head>
<body>
  <div class='ocr_page' id='page_1' title='image "./caiicaeliisedul00sedugoog_0357.png"; bbox 0 0 2126 3848; ppageno 0'>
   <div class='ocr_carea' id='block_1_1' title="bbox 139 325 1004 398">
    <p class='ocr_par' dir='ltr' id='par_1_1' title="bbox 139 325 1004 398">
     <span class='ocr_line' id='line_1_1' title="bbox 139 325 1004 398; baseline -0.005 -10"><span class='ocrx_word' id='word_1_1' title='bbox 139 327 201 388; x_wconf 79' lang='lat'>350</span> <span class='ocrx_word' id='word_1_2' title='bbox 365 331 543 386; x_wconf 75' lang='lat' dir='ltr'>antmms</span> <span class='ocrx_word' id='word_1_3' title='bbox 566 331 799 386; x_wconf 60' lang='lat' dir='ltr'>maroneae</span> <span class='ocrx_word' id='word_1_4' title='bbox 879 345 904 383; x_wconf 90' lang='lat' dir='ltr'>v.</span> <span class='ocrx_word' id='word_1_5' title='bbox 921 325 1004 398; x_wconf 69' lang='lat'><strong>1004.</strong></span> 
     </span>
    </p>
   </div>
   <div class='ocr_carea' id='block_1_2' title="bbox 136 427 872 602">
    <p class='ocr_par' dir='ltr' id='par_1_2' title="bbox 136 427 872 602">
     <span class='ocr_line' id='line_1_2' title="bbox 139 427 872 510; baseline -0.007 -14"><span class='ocrx_word' id='word_1_6' title='bbox 139 431 289 506; x_wconf 80' lang='lat' dir='ltr'>Caroere,</span> <span class='ocrx_word' id='word_1_7' title='bbox 302 448 361 492; x_wconf 87' lang='lat' dir='ltr'>nec</span> <span class='ocrx_word' id='word_1_8' title='bbox 372 441 496 510; x_wconf 79' lang='lat' dir='ltr'>possunt</span> <span class='ocrx_word' id='word_1_9' title='bbox 506 427 639 490; x_wconf 74' lang='lat' dir='ltr'>tenebrae</span> <span class='ocrx_word' id='word_1_10' title='bbox 652 427 778 510; x_wconf 77' lang='lat' dir='ltr'>caligine</span> <span class='ocrx_word' id='word_1_11' title='bbox 791 428 872 492; x_wconf 78' lang='lat' dir='ltr'>turra</span> 
     </span>
     <span class='ocr_line' id='line_1_3' title="bbox 136 523 867 602; baseline -0.003 -16"><span class='ocrx_word' id='word_1_12' title='bbox 136 523 280 586; x_wconf 70' lang='lat' dir='ltr'>Ecclesia</span> <span class='ocrx_word' id='word_1_13' title='bbox 292 523 398 586; x_wconf 79' lang='lat' dir='ltr'>caelare</span> <span class='ocrx_word' id='word_1_14' title='bbox 409 524 490 583; x_wconf 82' lang='lat' dir='ltr'>diem</span> <span class='ocrx_word' id='word_1_15' title='bbox 500 545 508 594; x_wconf 91' lang='lat'><strong>;</strong></span> <span class='ocrx_word' id='word_1_16' title='bbox 521 541 683 584; x_wconf 85' lang='lat' dir='ltr'>commune</span> <span class='ocrx_word' id='word_1_17' title='bbox 695 541 753 602; x_wconf 78' lang='lat' dir='ltr'>per</span> <span class='ocrx_word' id='word_1_18' title='bbox 764 543 867 584; x_wconf 85' lang='lat' dir='ltr'>omnes</span> 
     </span>
    </p>
   </div>
   <div class='ocr_carea' id='block_1_3' title="bbox 47 613 992 3234">
    <p class='ocr_par' dir='ltr' id='par_1_3' title="bbox 136 613 888 888">
     <span class='ocr_line' id='line_1_4' title="bbox 137 613 841 700; baseline -0.006 -21"><span class='ocrx_word' id='word_1_19' title='bbox 137 617 330 700; x_wconf 81' lang='lat' dir='ltr'>Supplicium</span> <span class='ocrx_word' id='word_1_20' title='bbox 341 619 433 678; x_wconf 88' lang='lat' dir='ltr'>timor</span> <span class='ocrx_word' id='word_1_21' title='bbox 445 615 496 678; x_wconf 92' lang='lat' dir='ltr'>ille</span> <span class='ocrx_word' id='word_1_22' title='bbox 508 616 596 687; x_wconf 69' lang='lat' dir='ltr'>facin</span> <span class='ocrx_word' id='word_1_23' title='bbox 611 617 745 678; x_wconf 79' lang='lat' dir='ltr'>eustolia</span> <span class='ocrx_word' id='word_1_24' title='bbox 757 613 841 678; x_wconf 87' lang='lat' dir='ltr'>Petri</span> 
     </span>
     <span class='ocr_line' id='line_1_5' title="bbox 136 709 888 795; baseline -0.003 -23"><span class='ocrx_word' id='word_1_25' title='bbox 136 711 265 774; x_wconf 76' lang='lat' dir='ltr'>Pultlica</span> <span class='ocrx_word' id='word_1_26' title='bbox 277 732 365 795; x_wconf 80' lang='lat' dir='ltr'>poena</span> <span class='ocrx_word' id='word_1_27' title='bbox 375 713 447 787; x_wconf 83' lang='lat' dir='ltr'>luit,</span> <span class='ocrx_word' id='word_1_28' title='bbox 460 711 621 793; x_wconf 86' lang='lat' dir='ltr'>proprium</span> <span class='ocrx_word' id='word_1_29' title='bbox 633 711 687 770; x_wconf 88' lang='lat' dir='ltr'>setl</span> <span class='ocrx_word' id='word_1_30' title='bbox 697 721 799 790; x_wconf 82' lang='lat' dir='ltr'>pastor</span> <span class='ocrx_word' id='word_1_31' title='bbox 810 709 888 771; x_wconf 86' lang='lat' dir='ltr'>ovile</span> 
     </span>
     <span class='ocr_line' id='line_1_6' title="bbox 136 804 827 888; baseline -0.001 -22"><span class='ocrx_word' id='word_1_32' title='bbox 136 804 263 866; x_wconf 81' lang='lat' dir='ltr'>Servate</span> <span class='ocrx_word' id='word_1_33' title='bbox 274 807 396 868; x_wconf 81' lang='lat' dir='ltr'>custode</span> <span class='ocrx_word' id='word_1_34' title='bbox 406 805 497 888; x_wconf 78' lang='lat' dir='ltr'>regit,</span> <span class='ocrx_word' id='word_1_35' title='bbox 511 823 602 884; x_wconf 84' lang='lat' dir='ltr'>quem</span> <span class='ocrx_word' id='word_1_36' title='bbox 612 804 686 864; x_wconf 79' lang='lat' dir='ltr'>ditat</span> <span class='ocrx_word' id='word_1_37' title='bbox 697 804 827 865; x_wconf 85' lang='lat' dir='ltr'>honore.</span> 
     </span>
    </p>

    <p class='ocr_par' dir='ltr' id='par_1_4' title="bbox 133 893 967 1264">
     <span class='ocr_line' id='line_1_7' title="bbox 133 893 967 979; baseline -0.002 -19"><span class='ocrx_word' id='word_1_38' title='bbox 133 893 197 960; x_wconf 83' lang='lat' dir='ltr'>Ter</span> <span class='ocrx_word' id='word_1_39' title='bbox 212 899 379 958; x_wconf 85' lang='lat' dir='ltr'>Dominum</span> <span class='ocrx_word' id='word_1_40' title='bbox 391 899 544 960; x_wconf 66' lang='lat' dir='ltr'>consessus</span> <span class='ocrx_word' id='word_1_41' title='bbox 552 917 657 973; x_wconf 70' lang='lat' dir='ltr'>aanor,</span> <span class='ocrx_word' id='word_1_42' title='bbox 668 899 706 957; x_wconf 83' lang='lat' dir='ltr'>tle</span> <span class='ocrx_word' id='word_1_43' title='bbox 717 897 845 959; x_wconf 86' lang='lat' dir='ltr'>nomine</span> <span class='ocrx_word' id='word_1_44' title='bbox 856 909 946 979; x_wconf 70' lang='lat' dir='ltr'>petre</span> <span class='ocrx_word' id='word_1_45' title='bbox 964 897 967 910; x_wconf 86' lang='lat'>&#39;</span> 
     </span>
     <span class='ocr_line' id='line_1_8' title="bbox 135 991 919 1073; baseline -0.003 -19"><span class='ocrx_word' id='word_1_46' title='bbox 135 992 263 1054; x_wconf 86' lang='lat' dir='ltr'><strong>Nomen</strong></span> <span class='ocrx_word' id='word_1_47' title='bbox 279 991 384 1052; x_wconf 86' lang='lat' dir='ltr'>Petrus</span> <span class='ocrx_word' id='word_1_48' title='bbox 395 991 528 1067; x_wconf 84' lang='lat' dir='ltr'>habeus,</span> <span class='ocrx_word' id='word_1_49' title='bbox 541 992 808 1054; x_wconf 81' lang='lat' dir='ltr'>aetemavoeabula</span> <span class='ocrx_word' id='word_1_50' title='bbox 819 1004 919 1073; x_wconf 86' lang='lat' dir='ltr'>portat</span> 
     </span>
     <span class='ocr_line' id='line_1_9' title="bbox 136 1086 885 1169; baseline 0 -21"><span class='ocrx_word' id='word_1_51' title='bbox 136 1087 346 1149; x_wconf 71' lang='lat' dir='ltr'>Fundamenta</span> <span class='ocrx_word' id='word_1_52' title='bbox 355 1106 463 1169; x_wconf 82' lang='lat' dir='ltr'>gerens</span> <span class='ocrx_word' id='word_1_53' title='bbox 473 1105 627 1167; x_wconf 86' lang='lat' dir='ltr'>uunquam</span> <span class='ocrx_word' id='word_1_54' title='bbox 638 1105 761 1167; x_wconf 83' lang='lat' dir='ltr'>passura</span> <span class='ocrx_word' id='word_1_55' title='bbox 772 1086 885 1148; x_wconf 84' lang='lat' dir='ltr'>ruinas.</span> 
     </span>
     <span class='ocr_line' id='line_1_10' title="bbox 135 1179 898 1264; baseline -0.001 -21"><span class='ocrx_word' id='word_1_56' title='bbox 135 1179 313 1264; x_wconf 83' lang='lat' dir='ltr'>Exspectate</span> <span class='ocrx_word' id='word_1_57' title='bbox 328 1181 403 1254; x_wconf 83' lang='lat' dir='ltr'>tuis,</span> <span class='ocrx_word' id='word_1_58' title='bbox 416 1193 584 1260; x_wconf 85' lang='lat' dir='ltr'>cunctoque</span> <span class='ocrx_word' id='word_1_59' title='bbox 596 1181 629 1240; x_wconf 92' lang='lat' dir='ltr'>in</span> <span class='ocrx_word' id='word_1_60' title='bbox 641 1193 780 1261; x_wconf 88' lang='lat' dir='ltr'>tempore</span> <span class='ocrx_word' id='word_1_61' title='bbox 792 1199 898 1258; x_wconf 88' lang='lat' dir='ltr'>carus,</span> 
     </span>
    </p>

    <p class='ocr_par' dir='ltr' id='par_1_5' title="bbox 119 1271 992 1550">
     <span class='ocr_line' id='line_1_11' title="bbox 135 1271 890 1357; baseline 0 -23"><span class='ocrx_word' id='word_1_62' title='bbox 135 1273 177 1335; x_wconf 90' lang='lat' dir='ltr'>Et</span> <span class='ocrx_word' id='word_1_63' title='bbox 192 1276 280 1338; x_wconf 89' lang='lat' dir='ltr'>nobis</span> <span class='ocrx_word' id='word_1_64' title='bbox 290 1277 353 1357; x_wconf 89' lang='lat' dir='ltr'>jam</span> <span class='ocrx_word' id='word_1_65' title='bbox 366 1271 552 1351; x_wconf 87' lang='lat' dir='ltr'>Petreveni,</span> <span class='ocrx_word' id='word_1_66' title='bbox 566 1273 657 1335; x_wconf 85' lang='lat' dir='ltr'>simul</span> <span class='ocrx_word' id='word_1_67' title='bbox 670 1274 811 1334; x_wconf 86' lang='lat' dir='ltr'>omnibus</span> <span class='ocrx_word' id='word_1_68' title='bbox 825 1275 890 1351; x_wconf 86' lang='lat' dir='ltr'>exi,</span> 
     </span>
     <span class='ocr_line' id='line_1_12' title="bbox 135 1367 992 1450; baseline 0.001 -21"><span class='ocrx_word' id='word_1_69' title='bbox 135 1369 229 1448; x_wconf 52' lang='lat' dir='ltr'>Quos,</span> <span class='ocrx_word' id='word_1_70' title='bbox 236 1368 368 1429; x_wconf 86' lang='lat' dir='ltr'>stimulat</span> <span class='ocrx_word' id='word_1_71' title='bbox 380 1389 460 1430; x_wconf 87' lang='lat' dir='ltr'>nune</span> <span class='ocrx_word' id='word_1_72' title='bbox 472 1387 543 1430; x_wconf 83' lang='lat' dir='ltr'>eura</span> <span class='ocrx_word' id='word_1_73' title='bbox 554 1368 658 1448; x_wconf 77' lang='lat' dir='ltr'>prior3</span> <span class='ocrx_word' id='word_1_74' title='bbox 671 1371 734 1450; x_wconf 86' lang='lat' dir='ltr'>jam</span> <span class='ocrx_word' id='word_1_75' title='bbox 747 1379 835 1429; x_wconf 85' lang='lat' dir='ltr'>nocte</span> <span class='ocrx_word' id='word_1_76' title='bbox 845 1367 992 1450; x_wconf 76' lang='lat' dir='ltr'>profunda</span> 
     </span>
     <span class='ocr_line' id='line_1_13' title="bbox 119 1458 876 1550; baseline 0 -26"><span class='ocrx_word' id='word_1_77' title='bbox 119 1465 267 1550; x_wconf 71' lang='lat' dir='ltr'>¹Angelus</span> <span class='ocrx_word' id='word_1_78' title='bbox 279 1478 356 1525; x_wconf 83' lang='lat' dir='ltr'>astra</span> <span class='ocrx_word' id='word_1_79' title='bbox 368 1463 618 1546; x_wconf 78' lang='lat' dir='ltr'>lerensergastula</span> <span class='ocrx_word' id='word_1_80' title='bbox 630 1458 772 1524; x_wconf 82' lang='lat' dir='ltr'>candidus</span> <span class='ocrx_word' id='word_1_81' title='bbox 786 1463 876 1524; x_wconf 80' lang='lat' dir='ltr'>intrat</span> 
     </span>
    </p>

    <p class='ocr_par' dir='ltr' id='par_1_6' title="bbox 129 1555 876 1822">
     <span class='ocr_line' id='line_1_14' title="bbox 132 1555 816 1618; baseline 0.001 -1"><span class='ocrx_word' id='word_1_82' title='bbox 132 1556 173 1617; x_wconf 91' lang='lat' dir='ltr'>Se</span> <span class='ocrx_word' id='word_1_83' title='bbox 186 1560 349 1618; x_wconf 88' lang='lat' dir='ltr'>comitante</span> <span class='ocrx_word' id='word_1_84' title='bbox 361 1557 429 1617; x_wconf 87' lang='lat' dir='ltr'>tlie:</span> <span class='ocrx_word' id='word_1_85' title='bbox 444 1555 512 1618; x_wconf 82' lang='lat' dir='ltr'>coeli</span> <span class='ocrx_word' id='word_1_86' title='bbox 520 1557 659 1618; x_wconf 89' lang='lat' dir='ltr'>veniente</span> <span class='ocrx_word' id='word_1_87' title='bbox 673 1557 816 1618; x_wconf 84' lang='lat' dir='ltr'>ministro</span> 
     </span>
     <span class='ocr_line' id='line_1_15' title="bbox 132 1649 876 1732; baseline 0.001 -20"><span class='ocrx_word' id='word_1_88' title='bbox 132 1649 271 1712; x_wconf 80' lang='lat' dir='ltr'>Carceris</span> <span class='ocrx_word' id='word_1_89' title='bbox 283 1650 392 1711; x_wconf 87' lang='lat' dir='ltr'>umbra</span> <span class='ocrx_word' id='word_1_90' title='bbox 404 1650 495 1732; x_wconf 82' lang='lat' dir='ltr'>fugit,</span> <span class='ocrx_word' id='word_1_91' title='bbox 510 1649 602 1730; x_wconf 85' lang='lat' dir='ltr'>pulsae</span> <span class='ocrx_word' id='word_1_92' title='bbox 612 1651 729 1731; x_wconf 87' lang='lat' dir='ltr'>periere</span> <span class='ocrx_word' id='word_1_93' title='bbox 739 1651 876 1712; x_wconf 79' lang='lat' dir='ltr'>tenebrae</span> 
     </span>
     <span class='ocr_line' id='line_1_16' title="bbox 129 1742 843 1822; baseline -0.001 -17"><span class='ocrx_word' id='word_1_94' title='bbox 129 1743 273 1805; x_wconf 79' lang='lat' dir='ltr'>Lucifero</span> <span class='ocrx_word' id='word_1_95' title='bbox 285 1743 420 1803; x_wconf 77' lang='lat' dir='ltr'>radiante</span> <span class='ocrx_word' id='word_1_96' title='bbox 432 1763 530 1816; x_wconf 86' lang='lat' dir='ltr'>novo;</span> <span class='ocrx_word' id='word_1_97' title='bbox 546 1742 633 1804; x_wconf 81' lang='lat' dir='ltr'>color</span> <span class='ocrx_word' id='word_1_98' title='bbox 643 1744 752 1804; x_wconf 81' lang='lat' dir='ltr'>exsulat</span> <span class='ocrx_word' id='word_1_99' title='bbox 762 1757 843 1822; x_wconf 84' lang='lat' dir='ltr'>ater,</span> 
     </span>
    </p>

    <p class='ocr_par' dir='ltr' id='par_1_7' title="bbox 129 1836 890 1996">
     <span class='ocr_line' id='line_1_17' title="bbox 129 1836 866 1918; baseline -0.004 -19"><span class='ocrx_word' id='word_1_100' title='bbox 129 1837 172 1900; x_wconf 89' lang='lat' dir='ltr'>Et</span> <span class='ocrx_word' id='word_1_101' title='bbox 184 1851 296 1898; x_wconf 90' lang='lat' dir='ltr'>mutata</span> <span class='ocrx_word' id='word_1_102' title='bbox 310 1836 413 1898; x_wconf 83' lang='lat' dir='ltr'>vident</span> <span class='ocrx_word' id='word_1_103' title='bbox 425 1847 573 1900; x_wconf 85' lang='lat' dir='ltr'>nocturna</span> <span class='ocrx_word' id='word_1_104' title='bbox 583 1837 866 1918; x_wconf 72' lang='lat' dir='ltr'>crepuscula-solem</span> 
     </span>
     <span class='ocr_line' id='line_1_18' title="bbox 132 1920 890 1996; baseline -0.005 0"><span class='ocrx_word' id='word_1_105' title='bbox 132 1920 302 1996; x_wconf 82' lang='lat' dir='ltr'>Custodum</span> <span class='ocrx_word' id='word_1_106' title='bbox 314 1930 442 1994; x_wconf 85' lang='lat' dir='ltr'>vallante</span> <span class='ocrx_word' id='word_1_107' title='bbox 455 1949 548 1991; x_wconf 86' lang='lat' dir='ltr'>manu</span> <span class='ocrx_word' id='word_1_108' title='bbox 559 1955 567 1991; x_wconf 79' lang='grc' dir='ltr'><strong>ι</strong></span> <span class='ocrx_word' id='word_1_109' title='bbox 580 1931 783 1994; x_wconf 81' lang='lat' dir='ltr'>interviucnla</span> <span class='ocrx_word' id='word_1_110' title='bbox 793 1929 890 1993; x_wconf 86' lang='lat' dir='ltr'>Petro</span> 
     </span>
    </p>

    <p class='ocr_par' dir='ltr' id='par_1_8' title="bbox 88 2018 941 2200">
     <span class='ocr_line' id='line_1_19' title="bbox 88 2018 917 2116; baseline -0.006 -27"><span class='ocrx_word' id='word_1_111' title='bbox 88 2099 96 2116; x_wconf 34' lang='grc' dir='ltr'><strong>ο</strong></span> <span class='ocrx_word' id='word_1_112' title='bbox 130 2024 273 2110; x_wconf 83' lang='lat' dir='ltr'>Corpore</span> <span class='ocrx_word' id='word_1_113' title='bbox 281 2045 403 2088; x_wconf 85' lang='lat' dir='ltr'>somnus</span> <span class='ocrx_word' id='word_1_114' title='bbox 414 2037 494 2101; x_wconf 85' lang='lat' dir='ltr'>erat,</span> <span class='ocrx_word' id='word_1_115' title='bbox 506 2025 560 2085; x_wconf 83' lang='lat' dir='ltr'>secl</span> <span class='ocrx_word' id='word_1_116' title='bbox 570 2045 640 2087; x_wconf 87' lang='lat' dir='ltr'>eum</span> <span class='ocrx_word' id='word_1_117' title='bbox 652 2025 785 2109; x_wconf 78' lang='lat' dir='ltr'>vigilaret</span> <span class='ocrx_word' id='word_1_118' title='bbox 793 2025 825 2086; x_wconf 89' lang='lat' dir='ltr'>in</span> <span class='ocrx_word' id='word_1_119' title='bbox 838 2018 894 2086; x_wconf 91' lang='lat' dir='ltr'>illo</span> <span class='ocrx_word' id='word_1_120' title='bbox 906 2067 917 2103; x_wconf 93' lang='lat'>,</span> 
     </span>
     <span class='ocr_line' id='line_1_20' title="bbox 129 2119 941 2200; baseline -0.006 -17"><span class='ocrx_word' id='word_1_121' title='bbox 129 2121 210 2200; x_wconf 83' lang='lat' dir='ltr'>Quae</span> <span class='ocrx_word' id='word_1_122' title='bbox 222 2123 317 2185; x_wconf 82' lang='lat' dir='ltr'>nestit</span> <span class='ocrx_word' id='word_1_123' title='bbox 327 2121 461 2182; x_wconf 87' lang='lat' dir='ltr'>dormire</span> <span class='ocrx_word' id='word_1_124' title='bbox 474 2120 564 2191; x_wconf 82' lang='lat' dir='ltr'>lides3</span> <span class='ocrx_word' id='word_1_125' title='bbox 587 2119 646 2181; x_wconf 85' lang='lat' dir='ltr'>hoe</span> <span class='ocrx_word' id='word_1_126' title='bbox 654 2120 769 2182; x_wconf 81' lang='lat' dir='ltr'>cantica</span> <span class='ocrx_word' id='word_1_127' title='bbox 781 2119 918 2182; x_wconf 84' lang='lat' dir='ltr'>clamant</span> <span class='ocrx_word' id='word_1_128' title='bbox 930 2162 941 2196; x_wconf 95' lang='lat'>,</span> 
     </span>
    </p>

    <p class='ocr_par' dir='ltr' id='par_1_9' title="bbox 81 2212 867 2389">
     <span class='ocr_line' id='line_1_21' title="bbox 81 2212 853 2298; baseline -0.005 -21"><span class='ocrx_word' id='word_1_129' title='bbox 81 2225 83 2229; x_wconf 82' lang='grc'>’</span> <span class='ocrx_word' id='word_1_130' title='bbox 126 2216 261 2277; x_wconf 87' lang='lat' dir='ltr'>Dormio</span> <span class='ocrx_word' id='word_1_131' title='bbox 282 2217 376 2278; x_wconf 83' lang='lat' dir='ltr'>eorde</span> <span class='ocrx_word' id='word_1_132' title='bbox 390 2213 478 2298; x_wconf 84' lang='lat' dir='ltr'>vigil,</span> <span class='ocrx_word' id='word_1_133' title='bbox 490 2212 549 2274; x_wconf 82' lang='lat' dir='ltr'>laeti</span> <span class='ocrx_word' id='word_1_134' title='bbox 561 2215 742 2275; x_wconf 82' lang='lat' dir='ltr'>documenta</span> <span class='ocrx_word' id='word_1_135' title='bbox 752 2213 853 2297; x_wconf 76' lang='lat' dir='ltr'>figurae</span> 
     </span>
     <span class='ocr_line' id='line_1_22' title="bbox 124 2307 867 2389; baseline -0.003 -19"><span class='ocrx_word' id='word_1_136' title='bbox 124 2307 264 2385; x_wconf 85' lang='lat' dir='ltr'>Discite,</span> <span class='ocrx_word' id='word_1_137' title='bbox 279 2310 331 2389; x_wconf 90' lang='lat' dir='ltr'>qui</span> <span class='ocrx_word' id='word_1_138' title='bbox 344 2309 459 2388; x_wconf 88' lang='lat' dir='ltr'>liquido</span> <span class='ocrx_word' id='word_1_139' title='bbox 472 2307 622 2368; x_wconf 88' lang='lat' dir='ltr'>meruistis</span> <span class='ocrx_word' id='word_1_140' title='bbox 634 2307 717 2368; x_wconf 85' lang='lat' dir='ltr'>fonte</span> <span class='ocrx_word' id='word_1_141' title='bbox 729 2307 867 2384; x_wconf 83' lang='lat' dir='ltr'>renasci,</span> 
     </span>
    </p>

    <p class='ocr_par' dir='ltr' id='par_1_10' title="bbox 122 2397 968 2854">
     <span class='ocr_line' id='line_1_23' title="bbox 123 2397 904 2482; baseline -0.004 -19"><span class='ocrx_word' id='word_1_142' title='bbox 123 2399 165 2463; x_wconf 87' lang='lat' dir='ltr'>Et</span> <span class='ocrx_word' id='word_1_143' title='bbox 176 2423 241 2481; x_wconf 85' lang='lat' dir='ltr'>quae</span> <span class='ocrx_word' id='word_1_144' title='bbox 253 2400 352 2460; x_wconf 77' lang='lat' dir='ltr'>torma</span> <span class='ocrx_word' id='word_1_145' title='bbox 360 2413 466 2462; x_wconf 65' lang='lat' dir='ltr'>,manet</span> <span class='ocrx_word' id='word_1_146' title='bbox 478 2412 594 2463; x_wconf 88' lang='lat' dir='ltr'>sacrato</span> <span class='ocrx_word' id='word_1_147' title='bbox 610 2400 642 2460; x_wconf 89' lang='lat' dir='ltr'>in</span> <span class='ocrx_word' id='word_1_148' title='bbox 655 2421 785 2482; x_wconf 84' lang='lat' dir='ltr'>corpore</span> <span class='ocrx_word' id='word_1_149' title='bbox 799 2397 904 2479; x_wconf 88' lang='lat' dir='ltr'>Petri,</span> 
     </span>
     <span class='ocr_line' id='line_1_24' title="bbox 126 2487 882 2576; baseline -0.003 -18"><span class='ocrx_word' id='word_1_150' title='bbox 126 2487 355 2558; x_wconf 73' lang='lat' dir='ltr'>Cernite‘cord&#39;e</span> <span class='ocrx_word' id='word_1_151' title='bbox 366 2493 438 2574; x_wconf 86' lang='lat' dir='ltr'>pio,</span> <span class='ocrx_word' id='word_1_152' title='bbox 453 2494 542 2555; x_wconf 82' lang='lat' dir='ltr'>docet</span> <span class='ocrx_word' id='word_1_153' title='bbox 552 2494 630 2556; x_wconf 87' lang='lat' dir='ltr'>hanc</span> <span class='ocrx_word' id='word_1_154' title='bbox 642 2494 759 2556; x_wconf 83' lang='lat' dir='ltr'>virtutis</span> <span class='ocrx_word' id='word_1_155' title='bbox 769 2507 882 2576; x_wconf 66' lang='lat' dir='ltr'>aperte</span> 
     </span>
     <span class='ocr_line' id='line_1_25' title="bbox 123 2585 968 2672; baseline 0.004 -23"><span class='ocrx_word' id='word_1_156' title='bbox 123 2586 257 2671; x_wconf 79' lang='lat' dir='ltr'>Angelus</span> <span class='ocrx_word' id='word_1_157' title='bbox 269 2586 334 2667; x_wconf 86' lang='lat' dir='ltr'>ipse</span> <span class='ocrx_word' id='word_1_158' title='bbox 347 2585 447 2661; x_wconf 79' lang='lat' dir='ltr'>viam,</span> <span class='ocrx_word' id='word_1_159' title='bbox 470 2599 609 2669; x_wconf 77' lang='lat' dir='ltr'>tangens,</span> <span class='ocrx_word' id='word_1_160' title='bbox 619 2587 695 2650; x_wconf 87' lang='lat' dir='ltr'>latus</span> <span class='ocrx_word' id='word_1_161' title='bbox 708 2589 847 2670; x_wconf 77' lang='lat' dir='ltr'>impulit,</span> <span class='ocrx_word' id='word_1_162' title='bbox 860 2589 894 2652; x_wconf 85' lang='lat' dir='ltr'>in</span> <span class='ocrx_word' id='word_1_163' title='bbox 906 2611 968 2672; x_wconf 80' lang='lat' dir='ltr'>qua</span> 
     </span>
     <span class='ocr_line' id='line_1_26' title="bbox 122 2681 868 2762; baseline -0.001 -18"><span class='ocrx_word' id='word_1_164' title='bbox 122 2681 269 2745; x_wconf 67' lang='lat' dir='ltr'>Ecclesia)</span> <span class='ocrx_word' id='word_1_165' title='bbox 278 2693 333 2758; x_wconf 75' lang='lat' dir='ltr'>stat</span> <span class='ocrx_word' id='word_1_166' title='bbox 347 2691 431 2762; x_wconf 86' lang='lat' dir='ltr'>parte</span> <span class='ocrx_word' id='word_1_167' title='bbox 443 2692 533 2760; x_wconf 85' lang='lat' dir='ltr'>eaput</span> <span class='ocrx_word' id='word_1_168' title='bbox 546 2725 555 2756; x_wconf 93' lang='lat'>,</span> <span class='ocrx_word' id='word_1_169' title='bbox 568 2703 627 2762; x_wconf 89' lang='lat' dir='ltr'>qua</span> <span class='ocrx_word' id='word_1_170' title='bbox 637 2683 756 2745; x_wconf 86' lang='lat' dir='ltr'>nuntius</span> <span class='ocrx_word' id='word_1_171' title='bbox 769 2694 868 2743; x_wconf 85' lang='lat' dir='ltr'>ortam</span> 
     </span>
     <span class='ocr_line' id='line_1_27' title="bbox 122 2774 830 2854; baseline 0.003 -16"><span class='ocrx_word' id='word_1_172' title='bbox 122 2774 278 2854; x_wconf 83' lang='lat' dir='ltr'>Noverat,</span> <span class='ocrx_word' id='word_1_173' title='bbox 293 2776 364 2838; x_wconf 88' lang='lat' dir='ltr'>inde</span> <span class='ocrx_word' id='word_1_174' title='bbox 376 2775 471 2850; x_wconf 88' lang='lat' dir='ltr'>levat,</span> <span class='ocrx_word' id='word_1_175' title='bbox 486 2774 571 2836; x_wconf 88' lang='lat' dir='ltr'>lateri</span> <span class='ocrx_word' id='word_1_176' title='bbox 585 2776 740 2838; x_wconf 82' lang='lat' dir='ltr'>subnexuit</span> <span class='ocrx_word' id='word_1_177' title='bbox 751 2796 830 2840; x_wconf 85' lang='lat' dir='ltr'>arcae</span> 
     </span>
    </p>

    <p class='ocr_par' dir='ltr' id='par_1_11' title="bbox 47 2855 910 3142">
     <span class='ocr_line' id='line_1_28' title="bbox 47 2855 910 2947; baseline 0.003 -18"><span class='ocrx_word' id='word_1_178' title='bbox 47 2855 53 2868; x_wconf 67' lang='grc'><em>’</em></span> <span class='ocrx_word' id='word_1_179' title='bbox 123 2867 234 2930; x_wconf 83' lang='lat' dir='ltr'>Hostia</span> <span class='ocrx_word' id='word_1_180' title='bbox 247 2883 347 2932; x_wconf 84' lang='lat' dir='ltr'>sancta</span> <span class='ocrx_word' id='word_1_181' title='bbox 360 2868 430 2930; x_wconf 89' lang='lat' dir='ltr'>Noe</span> <span class='ocrx_word' id='word_1_182' title='bbox 445 2869 765 2947; x_wconf 81' lang='lat' dir='ltr'>clausisanimalihus,</span> <span class='ocrx_word' id='word_1_183' title='bbox 779 2871 851 2934; x_wconf 85' lang='lat' dir='ltr'>hinc</span> <span class='ocrx_word' id='word_1_184' title='bbox 862 2885 910 2932; x_wconf 85' lang='lat' dir='ltr'>est</span> 
     </span>
     <span class='ocr_line' id='line_1_29' title="bbox 122 2961 764 3046; baseline 0.006 -22"><span class='ocrx_word' id='word_1_185' title='bbox 122 2961 249 3024; x_wconf 80' lang='lat' dir='ltr'>Diluvio</span> <span class='ocrx_word' id='word_1_186' title='bbox 262 2975 392 3024; x_wconf 83' lang='lat' dir='ltr'>vastante</span> <span class='ocrx_word' id='word_1_187' title='bbox 405 2963 500 3035; x_wconf 82' lang='lat' dir='ltr'>salus;</span> <span class='ocrx_word' id='word_1_188' title='bbox 517 2964 692 3046; x_wconf 87' lang='lat' dir='ltr'>producitur</span> <span class='ocrx_word' id='word_1_189' title='bbox 699 2963 764 3028; x_wconf 79' lang='lat' dir='ltr'>Eva</span> 
     </span>
     <span class='ocr_line' id='line_1_30' title="bbox 119 3055 803 3142; baseline 0.003 -25"><span class='ocrx_word' id='word_1_190' title='bbox 119 3055 315 3138; x_wconf 81' lang='lat' dir='ltr'>Dormitante</span> <span class='ocrx_word' id='word_1_191' title='bbox 328 3056 394 3118; x_wconf 91' lang='lat' dir='ltr'>viro</span> <span class='ocrx_word' id='word_1_192' title='bbox 407 3056 506 3118; x_wconf 88' lang='lat' dir='ltr'>lateris</span> <span class='ocrx_word' id='word_1_193' title='bbox 518 3071 658 3140; x_wconf 81' lang='lat' dir='ltr'>generata</span> <span class='ocrx_word' id='word_1_194' title='bbox 669 3077 803 3142; x_wconf 83' lang='lat' dir='ltr'>propago</span> 
     </span>
    </p>

    <p class='ocr_par' dir='ltr' id='par_1_12' title="bbox 121 3147 895 3234">
     <span class='ocr_line' id='line_1_31' title="bbox 121 3147 895 3234; baseline 0 -22"><span class='ocrx_word' id='word_1_195' title='bbox 121 3147 246 3212; x_wconf 82' lang='lat' dir='ltr'>Nomen</span> <span class='ocrx_word' id='word_1_196' title='bbox 258 3149 370 3212; x_wconf 85' lang='lat' dir='ltr'>habeus</span> <span class='ocrx_word' id='word_1_197' title='bbox 382 3149 449 3212; x_wconf 87' lang='lat' dir='ltr'>vitae</span> <span class='ocrx_word' id='word_1_198' title='bbox 462 3194 473 3228; x_wconf 88' lang='lat'>,</span> <span class='ocrx_word' id='word_1_199' title='bbox 487 3151 512 3214; x_wconf 80' lang='lat' dir='ltr'>ai</span> <span class='ocrx_word' id='word_1_200' title='bbox 522 3171 676 3230; x_wconf 87' lang='lat' dir='ltr'>nunquam</span> <span class='ocrx_word' id='word_1_201' title='bbox 689 3151 777 3234; x_wconf 83' lang='lat' dir='ltr'>culpa</span> <span class='ocrx_word' id='word_1_202' title='bbox 790 3150 895 3218; x_wconf 80' lang='lat' dir='ltr'>suisset</span> 
     </span>
    </p>
   </div>
   <div class='ocr_carea' id='block_1_4' title="bbox 0 0 1068 3848">
    <p class='ocr_par' dir='ltr' id='par_1_13' title="bbox 0 0 1068 3848">
     <span class='ocr_line' id='line_1_32' title="bbox 0 0 1068 3848; baseline 0 6"><span class='ocrx_word' id='word_1_203' title='bbox 0 0 1068 3848; x_wconf 95' lang='lat' dir='ltr'> </span> 
     </span>
    </p>
   </div>
  </div>
 </body>
</html>
