<?xml version="1.0" encoding="UTF-8"?>
<!DOCTYPE html PUBLIC "-//W3C//DTD XHTML 1.0 Transitional//EN"
    "http://www.w3.org/TR/xhtml1/DTD/xhtml1-transitional.dtd">
<html xmlns="http://www.w3.org/1999/xhtml" xml:lang="en" lang="en">
 <head>
  <title>
</title>
<meta http-equiv="Content-Type" content="text/html;charset=utf-8" />
  <meta name='ocr-system' content='tesseract 3.04.00' />
  <meta name='ocr-capabilities' content='ocr_page ocr_carea ocr_par ocr_line ocrx_word'/>
</head>
<body>
  <div class='ocr_page' id='page_1' title='image "./caiicaeliisedul00sedugoog_0063.png"; bbox 0 0 2198 3844; ppageno 0'>
   <div class='ocr_carea' id='block_1_1' title="bbox 74 341 1078 3237">
    <p class='ocr_par' dir='ltr' id='par_1_1' title="bbox 74 341 1078 3237">
     <span class='ocr_line' id='line_1_1' title="bbox 179 341 1078 434; baseline 0.002 -26"><span class='ocrx_word' id='word_1_1' title='bbox 179 345 219 408; x_wconf 81' lang='lat'><strong>56</strong></span> <span class='ocrx_word' id='word_1_2' title='bbox 426 357 569 414; x_wconf 77' lang='lat' dir='ltr'><strong>cmntt</strong></span> <span class='ocrx_word' id='word_1_3' title='bbox 605 341 814 412; x_wconf 81' lang='lat' dir='ltr'><strong>snnuntr</strong></span> <span class='ocrx_word' id='word_1_4' title='bbox 952 347 1078 434; x_wconf 49' lang='grc' dir='ltr'><strong>ψῃ..</strong></span> 
     </span>
     <span class='ocr_line' id='line_1_2' title="bbox 179 450 990 531; baseline 0.001 -18"><span class='ocrx_word' id='word_1_5' title='bbox 179 450 318 531; x_wconf 87' lang='lat' dir='ltr'>Cumque</span> <span class='ocrx_word' id='word_1_6' title='bbox 330 451 410 512; x_wconf 89' lang='lat' dir='ltr'><strong>viam</strong></span> <span class='ocrx_word' id='word_1_7' title='bbox 423 462 582 531; x_wconf 89' lang='lat' dir='ltr'><strong>peterent,</strong></span> <span class='ocrx_word' id='word_1_8' title='bbox 596 451 693 512; x_wconf 88' lang='lat' dir='ltr'><strong>subito</strong></span> <span class='ocrx_word' id='word_1_9' title='bbox 706 451 845 511; x_wconf 88' lang='lat' dir='ltr'><strong>mundata</strong></span> <span class='ocrx_word' id='word_1_10' title='bbox 854 451 990 514; x_wconf 79' lang='lat' dir='ltr'><strong>vicissim</strong></span> 
     </span>
     <span class='ocr_line' id='line_1_3' title="bbox 177 543 949 623; baseline 0.001 -18"><span class='ocrx_word' id='word_1_11' title='bbox 177 545 328 605; x_wconf 81' lang='lat' dir='ltr'>Miramur</span> <span class='ocrx_word' id='word_1_12' title='bbox 340 564 392 606; x_wconf 87' lang='lat' dir='ltr'><strong>sua</strong></span> <span class='ocrx_word' id='word_1_13' title='bbox 404 544 543 605; x_wconf 88' lang='lat' dir='ltr'><strong>membra</strong></span> <span class='ocrx_word' id='word_1_14' title='bbox 558 543 612 603; x_wconf 90' lang='lat' dir='ltr'><strong>viri</strong></span> <span class='ocrx_word' id='word_1_15' title='bbox 624 587 633 616; x_wconf 99' lang='lat'><strong>,</strong></span> <span class='ocrx_word' id='word_1_16' title='bbox 647 543 821 623; x_wconf 81' lang='lat' dir='ltr'><strong>variumque</strong></span> <span class='ocrx_word' id='word_1_17' title='bbox 833 557 949 606; x_wconf 88' lang='lat' dir='ltr'><strong>tuentes</strong></span> 
     </span>
     <span class='ocr_line' id='line_1_4' title="bbox 175 635 947 717; baseline 0.003 -20"><span class='ocrx_word' id='word_1_18' title='bbox 175 635 250 699; x_wconf 82' lang='lat' dir='ltr'><strong>Esse</strong></span> <span class='ocrx_word' id='word_1_19' title='bbox 264 637 357 711; x_wconf 80' lang='lat' dir='ltr'><strong>nihil,</strong></span> <span class='ocrx_word' id='word_1_20' title='bbox 372 637 561 717; x_wconf 88' lang='lat' dir='ltr'><strong>sesepariter</strong></span> <span class='ocrx_word' id='word_1_21' title='bbox 573 636 784 716; x_wconf 93' lang='lat' dir='ltr'><strong>speculantur,</strong></span> <span class='ocrx_word' id='word_1_22' title='bbox 796 651 826 697; x_wconf 93' lang='lat' dir='ltr'><strong>et</strong></span> <span class='ocrx_word' id='word_1_23' title='bbox 841 658 947 699; x_wconf 86' lang='lat' dir='ltr'><strong>omnes</strong></span> 
     </span>
     <span class='ocr_line' id='line_1_5' title="bbox 130 721 887 812; baseline 0.001 -22"><span class='ocrx_word' id='word_1_24' title='bbox 130 761 133 770; x_wconf 78' lang='lat'>=</span> <span class='ocrx_word' id='word_1_25' title='bbox 173 721 340 812; x_wconf 83' lang='lat' dir='ltr'><strong>Explorant</strong></span> <span class='ocrx_word' id='word_1_26' title='bbox 353 730 493 812; x_wconf 89' lang='lat' dir='ltr'><strong>proprias</strong></span> <span class='ocrx_word' id='word_1_27' title='bbox 504 729 621 789; x_wconf 87' lang='lat' dir='ltr'><strong>alterno</strong></span> <span class='ocrx_word' id='word_1_28' title='bbox 635 729 750 790; x_wconf 89' lang='lat' dir='ltr'><strong>lumine</strong></span> <span class='ocrx_word' id='word_1_29' title='bbox 764 730 887 791; x_wconf 86' lang='lat' dir='ltr'><strong>formas.</strong></span> 
     </span>
     <span class='ocr_line' id='line_1_6' title="bbox 173 809 921 906; baseline -0.004 -19"><span class='ocrx_word' id='word_1_30' title='bbox 173 809 220 887; x_wconf 74' lang='lat' dir='ltr'><strong>Ex</strong></span> <span class='ocrx_word' id='word_1_31' title='bbox 231 825 338 905; x_wconf 88' lang='lat' dir='ltr'><strong>quibus</strong></span> <span class='ocrx_word' id='word_1_32' title='bbox 351 837 381 884; x_wconf 95' lang='lat' dir='ltr'><strong>ut</strong></span> <span class='ocrx_word' id='word_1_33' title='bbox 392 835 487 906; x_wconf 83' lang='lat' dir='ltr'><strong>grates</strong></span> <span class='ocrx_word' id='word_1_34' title='bbox 502 835 601 904; x_wconf 88' lang='lat' dir='ltr'><strong>ageret</strong></span> <span class='ocrx_word' id='word_1_35' title='bbox 610 843 666 902; x_wconf 87' lang='lat' dir='ltr'><strong>pro</strong></span> <span class='ocrx_word' id='word_1_36' title='bbox 679 843 804 884; x_wconf 89' lang='lat' dir='ltr'><strong>munere</strong></span> <span class='ocrx_word' id='word_1_37' title='bbox 818 835 921 902; x_wconf 89' lang='lat' dir='ltr'><strong>tanto,</strong></span> 
     </span>
     <span class='ocr_line' id='line_1_7' title="bbox 138 916 892 997; baseline -0.001 -19"><span class='ocrx_word' id='word_1_38' title='bbox 138 975 140 986; x_wconf 86' lang='grc'><em>,</em></span> <span class='ocrx_word' id='word_1_39' title='bbox 173 918 235 978; x_wconf 82' lang='lat' dir='ltr'><strong>Vix</strong></span> <span class='ocrx_word' id='word_1_40' title='bbox 247 939 321 978; x_wconf 88' lang='lat' dir='ltr'><strong>unus</strong></span> <span class='ocrx_word' id='word_1_41' title='bbox 332 917 438 978; x_wconf 84' lang='lat' dir='ltr'><strong>reduci</strong></span> <span class='ocrx_word' id='word_1_42' title='bbox 450 935 611 977; x_wconf 82' lang='lat' dir='ltr'><strong>conversus</strong></span> <span class='ocrx_word' id='word_1_43' title='bbox 625 916 763 991; x_wconf 75' lang='lat' dir='ltr'><strong>tramite,</strong></span> <span class='ocrx_word' id='word_1_44' title='bbox 779 937 892 997; x_wconf 90' lang='lat' dir='ltr'><strong>pronus</strong></span> 
     </span>
     <span class='ocr_line' id='line_1_8' title="bbox 174 1005 1004 1091; baseline -0.001 -18"><span class='ocrx_word' id='word_1_45' title='bbox 174 1011 325 1073; x_wconf 87' lang='lat' dir='ltr'><strong>Sternitur</strong></span> <span class='ocrx_word' id='word_1_46' title='bbox 338 1012 375 1070; x_wconf 92' lang='lat' dir='ltr'><strong>ad</strong></span> <span class='ocrx_word' id='word_1_47' title='bbox 389 1023 522 1088; x_wconf 78' lang='lat' dir='ltr'><strong>terram,</strong></span> <span class='ocrx_word' id='word_1_48' title='bbox 536 1005 709 1070; x_wconf 87' lang='lat' dir='ltr'><strong>Dominum</strong></span> <span class='ocrx_word' id='word_1_49' title='bbox 720 1009 838 1070; x_wconf 81' lang='lat' dir='ltr'><strong>virtutis</strong></span> <span class='ocrx_word' id='word_1_50' title='bbox 850 1012 1004 1091; x_wconf 84' lang='lat' dir='ltr'><strong>adorans,</strong></span> 
     </span>
     <span class='ocr_line' id='line_1_9' title="bbox 173 1101 797 1184; baseline -0.008 -16"><span class='ocrx_word' id='word_1_51' title='bbox 173 1106 273 1184; x_wconf 86' lang='lat' dir='ltr'><strong>Atque</strong></span> <span class='ocrx_word' id='word_1_52' title='bbox 284 1103 430 1165; x_wconf 89' lang='lat' dir='ltr'><strong>sacerdoti</strong></span> <span class='ocrx_word' id='word_1_53' title='bbox 443 1121 516 1163; x_wconf 82' lang='lat' dir='ltr'><strong>vero</strong></span> <span class='ocrx_word' id='word_1_54' title='bbox 530 1121 582 1162; x_wconf 89' lang='lat' dir='ltr'><strong>sua</strong></span> <span class='ocrx_word' id='word_1_55' title='bbox 594 1101 722 1182; x_wconf 91' lang='lat' dir='ltr'><strong>protulit</strong></span> <span class='ocrx_word' id='word_1_56' title='bbox 736 1121 797 1163; x_wconf 88' lang='lat' dir='ltr'><strong>ora.</strong></span> 
     </span>
     <span class='ocr_line' id='line_1_10' title="bbox 170 1181 1042 1277; baseline 0.001 -17"><span class='ocrx_word' id='word_1_57' title='bbox 170 1197 313 1277; x_wconf 88' lang='lat' dir='ltr'><strong>Denique</strong></span> <span class='ocrx_word' id='word_1_58' title='bbox 325 1195 503 1277; x_wconf 85' lang='lat' dir='ltr'><strong>pontificum</strong></span> <span class='ocrx_word' id='word_1_59' title='bbox 517 1195 676 1276; x_wconf 88' lang='lat' dir='ltr'><strong>princeps,</strong></span> <span class='ocrx_word' id='word_1_60' title='bbox 688 1217 880 1275; x_wconf 88' lang='lat' dir='ltr'><strong>summusque</strong></span> <span class='ocrx_word' id='word_1_61' title='bbox 893 1181 1042 1261; x_wconf 73' lang='lat' dir='ltr'><strong>sacerdos</strong></span> 
     </span>
     <span class='ocr_line' id='line_1_11' title="bbox 172 1288 1044 1371; baseline 0 -19"><span class='ocrx_word' id='word_1_62' title='bbox 172 1291 268 1371; x_wconf 84' lang='lat' dir='ltr'><strong>Quis,</strong></span> <span class='ocrx_word' id='word_1_63' title='bbox 283 1291 340 1350; x_wconf 88' lang='lat' dir='ltr'><strong>nisi</strong></span> <span class='ocrx_word' id='word_1_64' title='bbox 356 1288 511 1363; x_wconf 88' lang='lat' dir='ltr'><strong>Christus,</strong></span> <span class='ocrx_word' id='word_1_65' title='bbox 526 1289 628 1349; x_wconf 78' lang='lat' dir='ltr'><strong>adest?</strong></span> <span class='ocrx_word' id='word_1_66' title='bbox 640 1289 752 1370; x_wconf 84' lang='lat' dir='ltr'><strong>gemini</strong></span> <span class='ocrx_word' id='word_1_67' title='bbox 765 1288 919 1350; x_wconf 79' lang='lat' dir='ltr'><strong>libaminis</strong></span> <span class='ocrx_word' id='word_1_68' title='bbox 931 1304 1044 1352; x_wconf 88' lang='lat' dir='ltr'><strong>auctor</strong></span> 
     </span>
     <span class='ocr_line' id='line_1_12' title="bbox 171 1381 1022 1465; baseline -0.001 -19"><span class='ocrx_word' id='word_1_69' title='bbox 171 1382 294 1446; x_wconf 88' lang='lat' dir='ltr'><strong>Ordine</strong></span> <span class='ocrx_word' id='word_1_70' title='bbox 307 1381 548 1456; x_wconf 80' lang='lat' dir='ltr'><strong>Melchisedech,</strong></span> <span class='ocrx_word' id='word_1_71' title='bbox 564 1382 611 1459; x_wconf 84' lang='lat' dir='ltr'><strong>cui</strong></span> <span class='ocrx_word' id='word_1_72' title='bbox 621 1383 727 1442; x_wconf 88' lang='lat' dir='ltr'><strong>dantur</strong></span> <span class='ocrx_word' id='word_1_73' title='bbox 740 1402 865 1442; x_wconf 88' lang='lat' dir='ltr'><strong>munera</strong></span> <span class='ocrx_word' id='word_1_74' title='bbox 877 1403 1022 1465; x_wconf 84' lang='lat' dir='ltr'><strong>semper,</strong></span> 
     </span>
     <span class='ocr_line' id='line_1_13' title="bbox 169 1473 923 1564; baseline -0.003 -26"><span class='ocrx_word' id='word_1_75' title='bbox 169 1476 252 1557; x_wconf 83' lang='lat' dir='ltr'><strong>Quae</strong></span> <span class='ocrx_word' id='word_1_76' title='bbox 265 1495 316 1536; x_wconf 89' lang='lat' dir='ltr'><strong>sua</strong></span> <span class='ocrx_word' id='word_1_77' title='bbox 328 1487 414 1564; x_wconf 80' lang='lat' dir='ltr'><strong>sunt,</strong></span> <span class='ocrx_word' id='word_1_78' title='bbox 429 1473 540 1536; x_wconf 80' lang='lat' dir='ltr'><strong>fructus</strong></span> <span class='ocrx_word' id='word_1_79' title='bbox 554 1476 675 1557; x_wconf 87' lang='lat' dir='ltr'><strong>segetis,</strong></span> <span class='ocrx_word' id='word_1_80' title='bbox 688 1490 718 1536; x_wconf 91' lang='lat' dir='ltr'><strong>et</strong></span> <span class='ocrx_word' id='word_1_81' title='bbox 728 1476 923 1558; x_wconf 81' lang='lat' dir='ltr'><strong>gaudiavitis.</strong></span> 
     </span>
     <span class='ocr_line' id='line_1_14' title="bbox 213 1567 847 1651; baseline -0.003 -21"><span class='ocrx_word' id='word_1_82' title='bbox 213 1568 295 1630; x_wconf 88' lang='lat' dir='ltr'><strong>Cum</strong></span> <span class='ocrx_word' id='word_1_83' title='bbox 309 1568 440 1628; x_wconf 88' lang='lat' dir='ltr'><strong>residens</strong></span> <span class='ocrx_word' id='word_1_84' title='bbox 453 1589 545 1630; x_wconf 89' lang='lat' dir='ltr'><strong>caecus</strong></span> <span class='ocrx_word' id='word_1_85' title='bbox 560 1567 670 1628; x_wconf 84' lang='lat' dir='ltr'><strong>Timaei</strong></span> <span class='ocrx_word' id='word_1_86' title='bbox 685 1569 764 1651; x_wconf 83' lang='lat' dir='ltr'><strong>lilius</strong></span> <span class='ocrx_word' id='word_1_87' title='bbox 772 1568 847 1628; x_wconf 93' lang='lat' dir='ltr'><strong>illud</strong></span> 
     </span>
     <span class='ocr_line' id='line_1_15' title="bbox 171 1659 1013 1744; baseline 0.001 -21"><span class='ocrx_word' id='word_1_88' title='bbox 171 1661 303 1742; x_wconf 83' lang='lat' dir='ltr'><strong>Propter</strong></span> <span class='ocrx_word' id='word_1_89' title='bbox 317 1663 390 1735; x_wconf 89' lang='lat' dir='ltr'><strong>iter,</strong></span> <span class='ocrx_word' id='word_1_90' title='bbox 405 1659 576 1721; x_wconf 86' lang='lat' dir='ltr'><strong>Dominum</strong></span> <span class='ocrx_word' id='word_1_91' title='bbox 589 1682 644 1742; x_wconf 89' lang='lat' dir='ltr'><strong>per</strong></span> <span class='ocrx_word' id='word_1_92' title='bbox 658 1663 737 1740; x_wconf 86' lang='lat' dir='ltr'><strong>quod</strong></span> <span class='ocrx_word' id='word_1_93' title='bbox 752 1677 931 1744; x_wconf 79' lang='lat' dir='ltr'><strong>cognouerat</strong></span> <span class='ocrx_word' id='word_1_94' title='bbox 941 1664 1013 1742; x_wconf 83' lang='lat' dir='ltr'><strong>ire,</strong></span> 
     </span>
     <span class='ocr_line' id='line_1_16' title="bbox 162 1753 885 1835; baseline -0.001 -20"><span class='ocrx_word' id='word_1_95' title='bbox 162 1754 350 1817; x_wconf 63' lang='lat' dir='ltr'><strong>‘Vociferans</strong></span> <span class='ocrx_word' id='word_1_96' title='bbox 363 1754 473 1816; x_wconf 87' lang='lat' dir='ltr'><strong>crebro</strong></span> <span class='ocrx_word' id='word_1_97' title='bbox 486 1753 588 1814; x_wconf 90' lang='lat' dir='ltr'><strong>lumen</strong></span> <span class='ocrx_word' id='word_1_98' title='bbox 595 1754 732 1815; x_wconf 78' lang='lat' dir='ltr'><strong>elamore</strong></span> <span class='ocrx_word' id='word_1_99' title='bbox 746 1755 885 1835; x_wconf 85' lang='lat' dir='ltr'><strong>petisset,</strong></span> 
     </span>
     <span class='ocr_line' id='line_1_17' title="bbox 132 1846 1000 1931; baseline 0.002 -21"><span class='ocrx_word' id='word_1_100' title='bbox 132 1879 133 1886; x_wconf 45' lang='lat'>¹</span> <span class='ocrx_word' id='word_1_101' title='bbox 169 1848 201 1910; x_wconf 87' lang='lat' dir='ltr'>N</span> <span class='ocrx_word' id='word_1_102' title='bbox 205 1869 239 1910; x_wconf 86' lang='lat' dir='ltr'><strong>ec</strong></span> <span class='ocrx_word' id='word_1_103' title='bbox 252 1893 261 1922; x_wconf 90' lang='lat'><strong>,</strong></span> <span class='ocrx_word' id='word_1_104' title='bbox 273 1846 388 1929; x_wconf 90' lang='lat' dir='ltr'><strong>populo</strong></span> <span class='ocrx_word' id='word_1_105' title='bbox 399 1847 603 1928; x_wconf 86' lang='lat' dir='ltr'><strong>prohibente,</strong></span> <span class='ocrx_word' id='word_1_106' title='bbox 618 1859 718 1910; x_wconf 85' lang='lat' dir='ltr'><strong>tacens</strong></span> <span class='ocrx_word' id='word_1_107' title='bbox 728 1893 737 1924; x_wconf 90' lang='lat'><strong>,</strong></span> <span class='ocrx_word' id='word_1_108' title='bbox 749 1850 891 1910; x_wconf 81' lang='lat' dir='ltr'><strong>accedere</strong></span> <span class='ocrx_word' id='word_1_109' title='bbox 903 1852 1000 1931; x_wconf 82' lang='lat' dir='ltr'><strong>jussus</strong></span> 
     </span>
     <span class='ocr_line' id='line_1_18' title="bbox 169 1939 1008 2024; baseline -0.002 -18"><span class='ocrx_word' id='word_1_110' title='bbox 169 1944 221 2006; x_wconf 83' lang='lat' dir='ltr'><strong>Ad</strong></span> <span class='ocrx_word' id='word_1_111' title='bbox 232 1942 403 2002; x_wconf 85' lang='lat' dir='ltr'><strong>Dominum</strong></span> <span class='ocrx_word' id='word_1_112' title='bbox 415 1939 557 2022; x_wconf 81' lang='lat' dir='ltr'><strong>palpante</strong></span> <span class='ocrx_word' id='word_1_113' title='bbox 571 1961 663 2001; x_wconf 89' lang='lat' dir='ltr'><strong>manu</strong></span> <span class='ocrx_word' id='word_1_114' title='bbox 675 1983 684 2016; x_wconf 94' lang='lat'><strong>,</strong></span> <span class='ocrx_word' id='word_1_115' title='bbox 699 1942 854 2022; x_wconf 82' lang='lat' dir='ltr'><strong>risumque</strong></span> <span class='ocrx_word' id='word_1_116' title='bbox 869 1946 985 2024; x_wconf 87' lang='lat' dir='ltr'><strong>recepit</strong></span> <span class='ocrx_word' id='word_1_117' title='bbox 997 1989 1008 2023; x_wconf 93' lang='lat'><strong>,</strong></span> 
     </span>
     <span class='ocr_line' id='line_1_19' title="bbox 160 2032 945 2112; baseline 0 -16"><span class='ocrx_word' id='word_1_118' title='bbox 160 2035 229 2112; x_wconf 78' lang='lat' dir='ltr'><strong>Et,</strong></span> <span class='ocrx_word' id='word_1_119' title='bbox 243 2033 326 2095; x_wconf 90' lang='lat' dir='ltr'><strong>nullo</strong></span> <span class='ocrx_word' id='word_1_120' title='bbox 340 2035 487 2110; x_wconf 89' lang='lat' dir='ltr'><strong>ducente,</strong></span> <span class='ocrx_word' id='word_1_121' title='bbox 502 2034 589 2096; x_wconf 90' lang='lat' dir='ltr'><strong>redit.</strong></span> <span class='ocrx_word' id='word_1_122' title='bbox 604 2032 710 2112; x_wconf 85' lang='lat' dir='ltr'><strong>Quam</strong></span> <span class='ocrx_word' id='word_1_123' title='bbox 722 2034 843 2094; x_wconf 85' lang='lat' dir='ltr'><strong>fortiter</strong></span> <span class='ocrx_word' id='word_1_124' title='bbox 855 2035 945 2096; x_wconf 79' lang='lat' dir='ltr'><strong>instat</strong></span> 
     </span>
     <span class='ocr_line' id='line_1_20' title="bbox 168 2126 924 2210; baseline -0.004 -21"><span class='ocrx_word' id='word_1_125' title='bbox 168 2127 348 2210; x_wconf 79' lang='lat' dir='ltr'><strong>importuna</strong></span> <span class='ocrx_word' id='word_1_126' title='bbox 360 2127 449 2187; x_wconf 90' lang='lat' dir='ltr'><strong>fides!</strong></span> <span class='ocrx_word' id='word_1_127' title='bbox 464 2126 609 2206; x_wconf 88' lang='lat' dir='ltr'><strong>quidquid</strong></span> <span class='ocrx_word' id='word_1_128' title='bbox 624 2146 670 2188; x_wconf 91' lang='lat' dir='ltr'><strong>res</strong></span> <span class='ocrx_word' id='word_1_129' title='bbox 685 2128 758 2187; x_wconf 88' lang='lat' dir='ltr'><strong>dura</strong></span> <span class='ocrx_word' id='word_1_130' title='bbox 771 2127 905 2209; x_wconf 82' lang='lat' dir='ltr'><strong>negarit,</strong></span> <span class='ocrx_word' id='word_1_131' title='bbox 923 2161 924 2166; x_wconf 20' lang='grc' dir='ltr'><strong><em>κ</em></strong></span> 
     </span>
     <span class='ocr_line' id='line_1_21' title="bbox 168 2219 874 2300; baseline -0.004 -18"><span class='ocrx_word' id='word_1_132' title='bbox 168 2220 242 2282; x_wconf 64' lang='lat' dir='ltr'><strong>‘Sola</strong></span> <span class='ocrx_word' id='word_1_133' title='bbox 256 2221 395 2300; x_wconf 88' lang='lat' dir='ltr'><strong>frequens</strong></span> <span class='ocrx_word' id='word_1_134' title='bbox 408 2219 484 2280; x_wconf 86' lang='lat' dir='ltr'><strong>votis</strong></span> <span class='ocrx_word' id='word_1_135' title='bbox 496 2219 592 2278; x_wconf 88' lang='lat' dir='ltr'><strong>oratio</strong></span> <span class='ocrx_word' id='word_1_136' title='bbox 606 2233 722 2298; x_wconf 83' lang='lat' dir='ltr'><strong>praestat</strong></span> <span class='ocrx_word' id='word_1_137' title='bbox 732 2219 874 2280; x_wconf 82' lang='lat' dir='ltr'><strong>honestis.</strong></span> 
     </span>
     <span class='ocr_line' id='line_1_22' title="bbox 207 2298 1032 2392; baseline 0 -20"><span class='ocrx_word' id='word_1_138' title='bbox 207 2311 399 2376; x_wconf 87' lang='lat' dir='ltr'><strong>Unanimum</strong></span> <span class='ocrx_word' id='word_1_139' title='bbox 410 2330 521 2391; x_wconf 89' lang='lat' dir='ltr'><strong>panem</strong></span> <span class='ocrx_word' id='word_1_140' title='bbox 533 2311 576 2372; x_wconf 91' lang='lat' dir='ltr'><strong>sic</strong></span> <span class='ocrx_word' id='word_1_141' title='bbox 587 2309 638 2371; x_wconf 92' lang='lat' dir='ltr'><strong>ille</strong></span> <span class='ocrx_word' id='word_1_142' title='bbox 652 2312 772 2392; x_wconf 89' lang='lat' dir='ltr'><strong>petebat</strong></span> <span class='ocrx_word' id='word_1_143' title='bbox 786 2311 938 2388; x_wconf 89' lang='lat' dir='ltr'><strong>amicum,</strong></span> <span class='ocrx_word' id='word_1_144' title='bbox 1026 2298 1032 2309; x_wconf 53' lang='lat'><strong>¹</strong></span> 
     </span>
     <span class='ocr_line' id='line_1_23' title="bbox 169 2404 916 2484; baseline 0.001 -18"><span class='ocrx_word' id='word_1_145' title='bbox 169 2405 233 2484; x_wconf 83' lang='lat' dir='ltr'><strong>Qui</strong></span> <span class='ocrx_word' id='word_1_146' title='bbox 248 2405 363 2466; x_wconf 77' lang='lat' dir='ltr'><strong>loribus</strong></span> <span class='ocrx_word' id='word_1_147' title='bbox 376 2404 480 2466; x_wconf 83' lang='lat' dir='ltr'><strong>clausis</strong></span> <span class='ocrx_word' id='word_1_148' title='bbox 494 2423 550 2484; x_wconf 90' lang='lat' dir='ltr'><strong>per</strong></span> <span class='ocrx_word' id='word_1_149' title='bbox 562 2423 656 2484; x_wconf 90' lang='lat' dir='ltr'><strong>opaca</strong></span> <span class='ocrx_word' id='word_1_150' title='bbox 668 2405 787 2467; x_wconf 91' lang='lat' dir='ltr'><strong>silentia</strong></span> <span class='ocrx_word' id='word_1_151' title='bbox 802 2407 916 2482; x_wconf 83' lang='lat' dir='ltr'><strong>noctis,</strong></span> 
     </span>
     <span class='ocr_line' id='line_1_24' title="bbox 164 2497 842 2580; baseline -0.004 -19"><span class='ocrx_word' id='word_1_152' title='bbox 164 2497 349 2578; x_wconf 77' lang='lat' dir='ltr'><strong>&#39;Obnixeque</strong></span> <span class='ocrx_word' id='word_1_153' title='bbox 363 2497 413 2558; x_wconf 89' lang='lat' dir='ltr'><strong>diu</strong></span> <span class='ocrx_word' id='word_1_154' title='bbox 422 2521 436 2570; x_wconf 55' lang='lat'><strong>,&#39;</strong></span> <span class='ocrx_word' id='word_1_155' title='bbox 447 2497 691 2577; x_wconf 84' lang='lat' dir='ltr'><strong>confidenterque</strong></span> <span class='ocrx_word' id='word_1_156' title='bbox 704 2499 842 2580; x_wconf 85' lang='lat' dir='ltr'><strong>neganti,</strong></span> 
     </span>
     <span class='ocr_line' id='line_1_25' title="bbox 166 2590 940 2671; baseline 0 -19"><span class='ocrx_word' id='word_1_157' title='bbox 166 2590 455 2666; x_wconf 78' lang='lat' dir='ltr'><strong>Vocibus-assiduis,</strong></span> <span class='ocrx_word' id='word_1_158' title='bbox 469 2590 803 2671; x_wconf 83' lang='lat' dir='ltr'><strong>precibusque&#39;extorsit</strong></span> <span class='ocrx_word' id='word_1_159' title='bbox 816 2591 940 2652; x_wconf 88' lang='lat' dir='ltr'><strong>anhelis.</strong></span> 
     </span>
     <span class='ocr_line' id='line_1_26' title="bbox 198 2682 988 2764; baseline 0.005 -20"><span class='ocrx_word' id='word_1_160' title='bbox 198 2683 448 2763; x_wconf 84' lang='lat' dir='ltr'><strong>·Praeteriensque</strong></span> <span class='ocrx_word' id='word_1_161' title='bbox 458 2683 514 2746; x_wconf 79' lang='lat' dir='ltr'><strong>vine</strong></span> <span class='ocrx_word' id='word_1_162' title='bbox 528 2682 681 2744; x_wconf 84' lang='lat' dir='ltr'><strong>Dominus</strong></span> <span class='ocrx_word' id='word_1_163' title='bbox 693 2683 760 2746; x_wconf 86' lang='lat' dir='ltr'><strong>loca</strong></span> <span class='ocrx_word' id='word_1_164' title='bbox 774 2682 988 2764; x_wconf 84' lang='lat' dir='ltr'><strong>Samaritanae,</strong></span> 
     </span>
     <span class='ocr_line' id='line_1_27' title="bbox 167 2776 867 2860; baseline -0.007 -19"><span class='ocrx_word' id='word_1_165' title='bbox 167 2777 344 2842; x_wconf 88' lang='lat' dir='ltr'><strong>Humanam</strong></span> <span class='ocrx_word' id='word_1_166' title='bbox 357 2776 498 2860; x_wconf 87' lang='lat' dir='ltr'><strong>llagrante</strong></span> <span class='ocrx_word' id='word_1_167' title='bbox 510 2776 591 2836; x_wconf 86' lang='lat' dir='ltr'><strong>sitim</strong></span> <span class='ocrx_word' id='word_1_168' title='bbox 606 2776 766 2860; x_wconf 90' lang='lat' dir='ltr'><strong>collegerat</strong></span> <span class='ocrx_word' id='word_1_169' title='bbox 776 2791 867 2851; x_wconf 86' lang='lat' dir='ltr'><strong>aestu,</strong></span> 
     </span>
     <span class='ocr_line' id='line_1_28' title="bbox 165 2870 1056 2951; baseline 0.003 -19"><span class='ocrx_word' id='word_1_170' title='bbox 165 2871 311 2951; x_wconf 82' lang='lat' dir='ltr'><strong>ansque</strong></span> <span class='ocrx_word' id='word_1_171' title='bbox 326 2870 467 2951; x_wconf 86' lang='lat' dir='ltr'><strong>perennis</strong></span> <span class='ocrx_word' id='word_1_172' title='bbox 480 2890 582 2949; x_wconf 87' lang='lat' dir='ltr'><strong>aquae,</strong></span> <span class='ocrx_word' id='word_1_173' title='bbox 594 2871 746 2934; x_wconf 88' lang='lat' dir='ltr'><strong>modicam</strong></span> <span class='ocrx_word' id='word_1_174' title='bbox 760 2872 907 2932; x_wconf 86' lang='lat' dir='ltr'><strong>desiderat</strong></span> <span class='ocrx_word' id='word_1_175' title='bbox 919 2874 1034 2934; x_wconf 85' lang='lat' dir='ltr'><strong>undam</strong></span> <span class='ocrx_word' id='word_1_176' title='bbox 1047 2917 1056 2950; x_wconf 92' lang='lat'><strong>,</strong></span> 
     </span>
     <span class='ocr_line' id='line_1_29' title="bbox 167 2964 952 3047; baseline 0.003 -23"><span class='ocrx_word' id='word_1_177' title='bbox 167 2965 215 3026; x_wconf 87' lang='lat' dir='ltr'><strong>Ut</strong></span> <span class='ocrx_word' id='word_1_178' title='bbox 229 2965 364 3038; x_wconf 88' lang='lat' dir='ltr'><strong>biberet,</strong></span> <span class='ocrx_word' id='word_1_179' title='bbox 377 2983 434 3044; x_wconf 89' lang='lat' dir='ltr'><strong>qua</strong></span> <span class='ocrx_word' id='word_1_180' title='bbox 448 2984 557 3044; x_wconf 89' lang='lat' dir='ltr'><strong>corpus</strong></span> <span class='ocrx_word' id='word_1_181' title='bbox 567 2978 644 3035; x_wconf 86' lang='lat' dir='ltr'><strong>erat;</strong></span> <span class='ocrx_word' id='word_1_182' title='bbox 661 2973 731 3040; x_wconf 81' lang='lat' dir='ltr'><strong>tunc</strong></span> <span class='ocrx_word' id='word_1_183' title='bbox 743 2964 845 3026; x_wconf 89' lang='lat' dir='ltr'><strong>accola</strong></span> <span class='ocrx_word' id='word_1_184' title='bbox 855 2965 952 3047; x_wconf 88' lang='lat' dir='ltr'><strong>gentis</strong></span> 
     </span>
     <span class='ocr_line' id='line_1_30' title="bbox 74 3057 1078 3140; baseline 0.003 -19"><span class='ocrx_word' id='word_1_185' title='bbox 74 3121 79 3126; x_wconf 86' lang='grc'><em>,</em></span> <span class='ocrx_word' id='word_1_186' title='bbox 168 3057 257 3121; x_wconf 90' lang='lat' dir='ltr'><strong>Stans</strong></span> <span class='ocrx_word' id='word_1_187' title='bbox 270 3057 398 3134; x_wconf 84' lang='lat' dir='ltr'><strong>mulier,</strong></span> <span class='ocrx_word' id='word_1_188' title='bbox 413 3077 540 3140; x_wconf 82' lang='lat' dir='ltr'><strong>parturn</strong></span> <span class='ocrx_word' id='word_1_189' title='bbox 554 3070 646 3138; x_wconf 91' lang='lat' dir='ltr'><strong>puteo</strong></span> <span class='ocrx_word' id='word_1_190' title='bbox 659 3079 727 3138; x_wconf 82' lang='lat' dir='ltr'><strong>quae</strong></span> <span class='ocrx_word' id='word_1_191' title='bbox 737 3069 863 3120; x_wconf 85' lang='lat' dir='ltr'><strong>traxerat</strong></span> <span class='ocrx_word' id='word_1_192' title='bbox 873 3059 958 3120; x_wconf 87' lang='lat' dir='ltr'><strong>haust</strong></span> <span class='ocrx_word' id='word_1_193' title='bbox 966 3083 1033 3138; x_wconf 87' lang='lat' dir='ltr'><strong>rm,</strong></span> <span class='ocrx_word' id='word_1_194' title='bbox 1077 3109 1078 3112; x_wconf 63' lang='lat'><strong>,</strong></span> 
     </span>
     <span class='ocr_line' id='line_1_31' title="bbox 168 3151 1077 3237; baseline -0.002 -19"><span class='ocrx_word' id='word_1_195' title='bbox 168 3153 249 3218; x_wconf 83' lang='lat' dir='ltr'><strong>Cum</strong></span> <span class='ocrx_word' id='word_1_196' title='bbox 264 3155 334 3215; x_wconf 88' lang='lat' dir='ltr'><strong>dare</strong></span> <span class='ocrx_word' id='word_1_197' title='bbox 349 3163 502 3220; x_wconf 86' lang='lat' dir='ltr'><strong>cunctatur</strong></span> <span class='ocrx_word' id='word_1_198' title='bbox 510 3152 654 3234; x_wconf 88' lang='lat' dir='ltr'><strong>periturae</strong></span> <span class='ocrx_word' id='word_1_199' title='bbox 667 3151 978 3237; x_wconf 84' lang='lat' dir='ltr'><strong>muneralympbae,·</strong></span> <span class='ocrx_word' id='word_1_200' title='bbox 1038 3153 1042 3158; x_wconf 84' lang='lat'>&#39;</span> <span class='ocrx_word' id='word_1_201' title='bbox 1076 3209 1077 3225; x_wconf 61' lang='lat'><strong>,</strong></span> 
     </span>
    </p>
   </div>
   <div class='ocr_carea' id='block_1_2' title="bbox 0 0 1104 3844">
    <p class='ocr_par' dir='ltr' id='par_1_2' title="bbox 0 0 1104 3844">
     <span class='ocr_line' id='line_1_32' title="bbox 0 0 1104 3844; baseline 0 1"><span class='ocrx_word' id='word_1_202' title='bbox 0 0 1104 3844; x_wconf 95' lang='lat' dir='ltr'><strong> </strong></span> 
     </span>
    </p>
   </div>
  </div>
 </body>
</html>
