2106 3846
28 327 102 412 377.
209 337 661 392 Poumautttttuttt.t.
829 347 884 410 191

13 435 152 508 fotrum,
167 445 198 492 et
212 433 319 512 rapido
332 433 513 494 meditantur
525 434 604 495 bella
616 445 722 494 rotatu.

13 529 115 588 laudet
129 547 205 606 pars
218 527 309 586 etiarn
323 527 488 607 pharetris,
502 529 695 608 volucresque
708 526 824 610 sagittas

13 621 100 681 lostis
114 621 151 679 in
167 640 325 682 occursum
337 621 490 681 mittendis
501 622 649 688 mortibus
663 635 753 702 aptat.

13 727 53 774 tut
65 715 90 774 si
105 713 189 773 forte
203 712 302 774 virum
316 713 457 795 fugientia
469 727 549 797 terga
562 727 700 794 sequatur
709 751 720 790 ,1

13 804 28 864 J
32 820 41 864 t
53 818 188 886 pennata
201 804 282 866 leves
293 807 493 866 transmittant
506 807 621 887 spicula
632 820 746 868 ventos.

36 899 158 960 Incedit
170 899 314 978 pavidum
328 913 481 980 postrema
493 921 548 980 pcc
559 901 677 982 agmina
689 900 812 984 vulgus,

13 993 69 1052 lun
81 993 188 1074 impar
201 1011 347 1066 nurnero,
362 993 471 1054 coelum
482 1014 551 1055 cum
564 994 695 1076 pingitur
706 995 813 1068 astris,

13 1083 120 1145 OEstnat
132 1097 184 1145 aut
198 1097 298 1143 motus
309 1085 406 1168 pelagi
417 1087 615 1167 crispantibus
627 1089 733 1162 undis,

13 1177 112 1238 ittore
123 1177 175 1238 vel
186 1189 311 1255 quantas
323 1179 475 1238 converrit
490 1177 596 1240 fluctus
608 1188 732 1254 aranas,

13 1269 61 1329 ¹tfel
73 1271 192 1349 quantis
205 1268 317 1330 stillant
326 1269 481 1332 bumentia
490 1270 594 1331 nubila
606 1271 703 1352 guttis.

13 1363 151 1424 llirautur
166 1361 271 1422 Pharii
284 1374 427 1443 satrapae,
441 1385 498 1426 nec
512 1363 765 1425 crederetautunr

13 1457 39 1516 ie
52 1456 186 1538 potuisse
200 1455 321 1516 vident:
336 1455 433 1536 placet
447 1457 568 1538 ejecisse
580 1468 624 1517 tot
635 1456 745 1534 hostes.

13 1547 59 1609 led
69 1571 134 1612 unu
143 1549 275 1610 bacacie
284 1550 351 1610 duri
364 1545 519 1610 salvabere
530 1550 613 1610 ferri.

13 1641 181 1721 Quamlibet
195 1641 511 1722 innume-rispcditum
524 1643 634 1724 stipere
648 1643 795 1718 catervis,-

13 1733 88 1795 Unus
99 1735 247 1816 pugnabit
261 1735 376 1796 cunctis
385 1755 442 1815 pru
456 1735 590 1796 millibus
602 1750 715 1798 auctor.

13 1827 43 1886 lt
53 1824 184 1908 populus
195 1827 279 1888 lento
291 1829 461 1890 moderatus
472 1829 591 1889 tramite
602 1849 737 1912 gressum

13 1921 167 2001 brreptum
181 1921 324 2000 carpebat
335 1921 411 1997 iter,
426 1923 597 2002 praecedere
607 1934 722 1981 tantum
839 1953 848 1986 0

13 2011 156 2093 aggressis
167 2012 313 2088 ducibus,
328 2013 534 2092 quantumvcl
546 2015 629 2074 tarda
641 2025 776 2074 senectus

13 2101 67 2161 Vel
79 2105 198 2164 rudibus
211 2117 331 2186 reptans
344 2107 469 2166 infantia
481 2106 605 2166 sustinet
618 2105 720 2178 aunis,
737 2127 740 2132 ’

13 2195 60 2256 Ne
71 2200 256 2279 praematuris
270 2198 407 2280 fragilem
419 2197 574 2261 contristet
588 2197 687 2257 eundo

13 2287 143 2350 AEtatem
151 2311 313 2368 sexumque
326 2291 422 2350 labor.
439 2287 490 2350 Sic
499 2302 604 2350 cuncta
618 2306 768 2368 supernus·

13 2381 165 2460 Dispensat
177 2387 284 2458 nutus,
299 2381 441 2462 plebique
453 2381 559 2443 assistit
572 2381 682 2442 ovanti.

51 2472 127 2556 Ergo
139 2475 190 2534 ubi
205 2474 325 2556 signatis
336 2477 476 2534 sederunt
489 2473 583 2534 millia
597 2473 718 2548 castris,

13 2565 202 2646 Armatusque
215 2569 307 2646 pedes
319 2568 421 2649 vulgus
433 2565 551 2628 vallavit
563 2571 692 2641 inerme,

13 2657 140 2738 Vespere
148 2671 214 2718 turn
226 2659 327 2738 primo
339 2662 427 2718 stanti
439 2659 607 2720 assimulata
617 2659 765 2719 columnae

13 2751 146 2813 lnsistens
157 2771 234 2832 puro
250 2751 433 2832 resplenduit
445 2753 553 2813 aethere
567 2751 689 2810 llamrn'a‘
703 2773 711 2808 :
736 2825 738 2828 Ι

13 2843 81 2904 Non
93 2857 194 2905 tamen
204 2857 236 2904 ut
248 2857 320 2904 noto
332 2846 434 2910 dirum
443 2844 534 2904 micat
547 2842 622 2925 ignis
633 2843 664 2901 in
674 2861 748 2915 axe,

13 2935 128 2997 Prodita
142 2959 212 3000 cum
226 2938 313 2998 terris
325 2939 390 3000 coeli
405 2949 545 3019 portenta
557 2934 725 3010 minantur,

13 3025 69 3088 Seu
82 3030 197 3092 morbis
212 3032 345 3109 tristem,
361 3031 507 3109 bellisque
519 3041 568 3088 aut
582 3019 712 3090 cladibus
724 3049 835 3090 anuum
848 3051 857 3087 ι
938 3101 940 3113 .

13 3119 69 3184 Set
81 3124 172 3185 radiis
184 3123 318 3208 fulgens,
335 3138 364 3186 et
375 3125 490 3186 lumine
506 3121 628 3208 candida
639 3121 723 3208 lacto,
