2126 3848
15 337 143 416 moal.
190 377 194 385 ·
248 357 503 431 ntsronrm
537 357 678 414 urnr.
836 352 893 415 351

15 445 61 510 Sic
74 469 214 510 mansura
226 450 335 534 magist
353 448 489 512 Christus
500 465 569 533 post
582 455 722 538 mysticus
735 456 834 521 Adam

15 537 153 624 Dignatus
164 545 236 605 dare
247 544 385 605 membra
395 545 487 623 cruci,
500 559 588 626 atque
601 548 633 607 in
644 569 732 610 carne
740 569 896 638 perempta

15 631 110 697 Morte
118 639 233 719 premi,
248 657 306 719 qna
316 639 375 699 rita
385 641 480 717 redit,
493 662 572 702 nova
584 642 664 703 dona
676 643 801 724 liquoris

15 724 67 787 Per
80 729 180 792 leteris
193 733 320 794 sacravit
330 733 397 803 iter;
412 735 631 815 nuncAngelns
642 737 694 796 illa
730 733 733 738 Δ

16 819 131 884 Petrum
145 837 230 906 parte
241 817 347 902 vocat,
359 847 445 888 mens
455 829 556 918 credat
567 842 599 889 ut
612 832 710 892 omnis
719 830 750 892 in
762 831 829 914 ipso

15 913 149 980 Ecclesiae
161 931 298 981 constare
307 923 396 982 decus
406 965 416 995 ‚
427 934 584 1001 teneatque
591 945 723 1006 superno

15 1008 163 1074 Assertore
174 1012 285 1074 fidem:
298 1035 358 1094 qno
371 1015 566 1077 calciamenta
579 1032 721 1080 monente
807 1033 811 1040 '

18 1099 54 1162 lli
69 1127 207 1168 mernere
220 1110 333 1188 pedes,
346 1109 442 1190 tetigit
453 1129 528 1188 quos
539 1111 639 1171 dextra
651 1113 804 1194 magistri,

20 1193 87 1275 Quae
106 1213 206 1262 totum
218 1203 486 1282 mundavitaquis;
508 1203 710 1284 gradientibus
731 1205 790 1266 illis

21 1287 165 1357 Conclusae
176 1315 291 1357 cessere
305 1295 396 1367 fores3
410 1308 493 1376 putat
506 1295 611 1356 omnia
619 1316 727 1376 somno

19 1381 193 1450 ludificante
204 1390 267 1472 geri
277 1433 291 1466 ‚
303 1390 351 1451 cui
361 1390 488 1469 praemia
499 1409 568 1450 vera
576 1383 692 1470 pararit

22 1476 150 1563 Majestas
162 1484 266 1568 ignara
277 1483 360 1545 doli:
378 1486 439 1567 jam
454 1483 552 1545 ferrea
558 1483 693 1545 claustris

21 1569 98 1637 Porta
118 1589 223 1660 patet,
237 1578 325 1662 rigidi
338 1578 434 1638 laxant
444 1576 624 1639 suarincula
634 1592 735 1658 postes

25 1664 154 1733 Gentibus
162 1673 340 1735 abscindens
353 1673 434 1732 durae
447 1671 573 1732 feritatis
584 1691 734 1733 acumem

21 1759 124 1843 Aspera
136 1779 241 1828 cuncta
253 1768 378 1840 domat,
391 1785 429 1824 ne
441 1767 530 1846 janna
543 1765 598 1824 fixa
609 1777 723 1826 vetaret

24 1849 107 1918 Orbis
126 1859 203 1935 iter,
218 1879 278 1938 quo
291 1877 393 1921 cursus
404 1857 477 1918 erit:
491 1857 540 1918 dic
551 1857 645 1938 gloria
659 1878 780 1934 rerum,

23 1943 123 2011 Ferrea
133 1952 205 2032 qnid
218 1952 330 2012 mirum
342 1947 367 2013 si
381 1952 490 2012 cedunt
501 1949 599 2011 hostia
608 1949 700 2010 Petro
713 1952 727 2011 Ρ

24 2037 112 2118 Quem
126 2043 210 2106 Deus
219 2045 355 2106 eethereae
367 2045 522 2107 custodem
535 2045 658 2126 deputat
670 2043 744 2104 aulae

21 2129 205 2218 Ecclesiaeque
215 2159 276 2199 sune
288 2137 401 2200 faciens
409 2138 541 2199 retinere
556 2143 701 2198 cacumen

22 2221 160 2293 Insemnm
171 2251 313 2314 superare
324 2233 409 2315 jubet
420 2276 429 2308 ,
442 2251 514 2291 mox
524 2229 602 2292 liber
614 2230 652 2292 ab
665 2231 750 2293 hoste

22 2314 151 2386 Divinum
160 2325 321 2389 celebrarit
334 2345 410 2407 opos
421 2368 430 2401 ,
443 2345 534 2404 quem
546 2324 646 2405 prima
657 2323 759 2406 puella

23 2411 172 2480 dtenebris
184 2437 322 2481 remeare
336 2418 456 2500 proban
471 2418 542 2497 quia
552 2418 646 2501 gratia
657 2417 770 2479 Christi

25 2503 91 2570 Rem
103 2513 180 2574 dedit
189 2533 252 2575 esse
265 2533 371 2594 parem
382 2511 461 2574 visus
475 2511 536 2571 adit
547 2512 612 2594 ipse
626 2533 781 2595 resurgens

26 2596 186 2681 llemineos3
202 2606 336 2687 loquitur
350 2605 501 2674 redeuntis
511 2603 608 2688 gloria
622 2599 720 2668 carnis
826 2642 831 2651 ι

26 2691 895 2782 ddsemm,quemmeterhabet,patethincquoquevatem
946 2757 949 2766 .

26 2781 172 2855 Ecclesiam
184 2792 309 2858 sensisse
324 2812 422 2870 suum;
438 2813 503 2872 quae
514 2792 621 2875 gandia
631 2804 732 2872 portet

26 2877 55 2939 ln
65 2901 191 2950 cunctum
205 2887 313 2949 diflusa
324 2905 461 2970 gregem3
478 2885 543 2966 quis
553 2884 623 2945 talia
636 2884 727 2946 lando

27 2967 161 3060 Explicet,
175 2994 225 3045 aut
237 2981 336 3044 verbis
349 2979 464 3040 attollat
477 2979 613 3061 pondera
626 2999 728 3039 rernm
739 2979 753 3040 ἲ

27 3061 155 3136 Maximus
167 3075 219 3137 ille
240 3093 334 3157 pavor
344 3073 459 3157 gelidos
467 3072 519 3152 qni
533 3072 688 3133 strinxerat
700 3085 801 3148 artos,

26 3154 131 3230 lntiriae
143 3187 282 3234 mensura
294 3167 350 3230 luit
363 3191 370 3229 ι
385 3178 487 3229 manet
499 3186 589 3227 omne
605 3187 660 3248 per
675 3186 771 3230 sevum
