2106 3846
162 360 222 398 ,ιο
398 347 612 400 ascen,
647 347 805 404 attur
917 329 1020 418 cred.

158 439 196 502 tn
210 459 273 518 quse
286 437 468 519 pertrahitur
478 437 593 498 dilectae
602 436 698 518 glorio
710 440 828 502 cernis?

157 535 199 595 Ar
209 530 267 592 late
278 531 422 614 longeque
434 543 516 592 tuam
529 530 700 592 discernere
712 544 827 594 sortem

158 625 295 685 Libertas
307 645 376 685 cum
389 623 452 703 lege
464 636 562 704 potest
575 643 634 702 qua
645 625 793 701 necteris,
808 619 881 686 itte

156 717 257 797 Impia
269 717 398 777 fallentis
410 735 472 778 non
483 716 627 800 stringant
639 717 758 781 vincula
771 719 885 780 mundi.

156 808 206 870 'l'u
218 808 349 869 Mariam
360 814 507 888 sequeris,
522 812 603 871 dono
616 812 664 872 cui
677 812 803 893 contigit
813 811 874 872 alto

156 901 290 985 Virginis
302 914 331 966 et
344 903 447 963 matris
458 903 579 985 gemina
589 905 716 985 gaudere
730 921 862 978 corona,

158 995 343 1077 tlonciperet
355 1016 425 1057 cum
434 1015 524 1058 earne
537 989 659 1072 Deum,
674 995 803 1074 coelique
814 1008 930 1058 creator

156 1089 285 1150 lutraret
298 1090 429 1152 clausum
442 1108 576 1152 reserans
590 1089 887 1172 mysteriaveutrem.

138 1188 141 1192 ’
157 1185 186 1244 Α
197 1183 339 1266 genitrice
352 1195 447 1264 satus,
462 1184 514 1244 sed
527 1202 618 1260 quam
629 1180 811 1242 formaverat
824 1180 909 1262 ipse,

156 1275 256 1358 Elegit
266 1275 392 1335 nitidam
405 1276 442 1334 de
455 1293 511 1353 qua
524 1275 704 1356 procederet
716 1273 833 1348 airum,

157 1366 247 1427 Solus
258 1367 309 1444 qui
323 1368 419 1428 cernis
432 1367 591 1446 proprium
605 1366 780 1445 disponeret
790 1378 910 1440 ortum,

158 1458 371 1536 Praesciretque
385 1461 466 1518 diem
479 1460 585 1542 longe,
599 1471 777 1538 tempusque
789 1457 903 1520 videret

158 1547 232 1627 Quo
243 1551 402 1629 pariendus
414 1565 494 1611 erat:
508 1551 658 1631 precessit
671 1549 810 1612 membra
823 1550 964 1614 voluntas.

156 1641 322 1723 lpseDeus
337 1639 493 1719 Verbum,
508 1643 646 1704 restitum
660 1643 772 1704 viscere
784 1657 926 1723 sumpto,

157 1732 221 1812 Qui
230 1751 302 1795 oum
316 1745 400 1815 petre
412 1735 512 1814 jubet,
527 1747 664 1796 materno
678 1735 851 1814 incorpore
864 1736 967 1812 servit,

155 1825 288 1908 Suscipit
299 1841 328 1888 et
339 1826 487 1888 samolum
498 1827 656 1902 dominus,
671 1826 722 1904 qui
734 1828 859 1907 jtuserat
869 1849 972 1890 sevum.

154 1920 309 2006 Tempora
322 1944 377 2006 per
391 1931 524 2004 petrem,
540 1942 596 2002 per
609 1932 735 1982 matrem
748 1920 866 1982 semina
878 1924 976 1986 nescit.

154 2014 210 2076 ttta
223 2020 344 2099 quidem
358 2017 484 2082 secunda
496 2015 570 2090 tuit,
584 2013 794 2094 qurepondere
805 2025 888 2082 casto

154 2109 315 2172 Factorem
327 2120 447 2192 portare
460 2129 564 2181 snum,
578 2107 796 2184 dominumque
809 2126 974 2186 perennem

153 2201 254 2265 Edere
266 2204 435 2285 promeruit
447 2226 454 2262 ι
468 2204 521 2264 sed
533 2221 589 2262 nec
601 2197 656 2260 tibi
670 2197 763 2280 gioria
777 2199 852 2258 tenti

151 2294 292 2355 Defuerit
303 2296 390 2371 facti,
408 2294 562 2356 Christum
572 2291 596 2353 si
610 2288 730 2354 credula
741 2291 834 2352 corde

154 2373 353 2466 Concipiens,
369 2407 502 2466 operum·
512 2384 609 2467 parias
621 2385 672 2464 pis
681 2383 817 2464 germine
829 2383 917 2446 coelo.

152 2475 187 2536 Si
197 2477 285 2554 quis,
300 2477 352 2550 ait,
365 2490 498 2557 nostram
511 2477 708 2560 compleverit
720 2476 827 2536 ordine
839 2475 953 2560 le'gem,

152 2566 215 2629 Hic
226 2568 301 2627 mibi
311 2587 432 2649 semper
445 2571 503 2630 erit
515 2572 618 2645 frater,
635 2582 800 2649 materque,
815 2587 971 2651 sororque.

149 2660 269 2741 Aspicis
282 2675 393 2723 utscru
404 2676 504 2726 careat
515 2663 641 2724 coelestis
655 2662 771 2745 imago,

149 2750 281 2816 Interior
292 2758 411 2818 sortitus
423 2755 516 2816 borno
529 2775 620 2834 quam
631 2767 732 2818 mente
742 2757 894 2816 retentat?

150 2841 283 2907 Praebuit
295 2850 464 2930 exemplem
476 2869 596 2932 surgens
610 2868 627 2910 a
639 2860 739 2908 morte
749 2847 942 2928 redemptor,

151 2937 332 3000 Femineum
349 2944 479 3004 maribus
492 2943 616 3004 mmsis
626 2940 779 3026 praeponit
792 2939 950 3004 bonorem.

151 3031 289 3094 Gestavit
300 3048 450 3116 sumptam
463 3031 566 3098 nostro
581 3055 638 3116 pro
652 3034 779 3096 crimine
790 3045 941 3108 mortem,

149 3123 187 3188 lu
201 3125 296 3192 crucis
305 3127 422 3192 excelso
434 3131 567 3210 pendens
578 3129 642 3191 sine
656 3125 782 3191 crimine
796 3122 942 3192 Christus.
