2106 3846
31 359 97 445 137.
124 337 128 344 ’
200 373 480 447 rouunnuru
507 377 594 432 uin.
621 378 654 434 v.
821 367 878 462 ¹⁸³

25 468 200 548 rmphnrum
213 469 357 534 damnum
368 471 495 552 proprio
505 473 645 555 supplere
659 493 776 538 cruore.

25 561 118 622 aribus
128 561 290 624 obstructis
301 565 416 644 pressi,
430 565 567 644 victoque
582 578 704 646 natatu,

25 654 131 716 rterierc
145 655 239 716 simul
251 657 402 739 peregrini
413 658 445 716 in
458 657 573 740 gurgite
585 671 684 720 crasso
738 648 742 656 Α

25 759 199 828 uxeruntque
210 769 265 810 suo
277 750 392 810 saniem
406 752 442 820 de
454 749 559 810 funere
570 752 677 832 pisces.

27 839 159 902 rtorusse
173 842 348 904 rear-cladis
361 843 526 921 mortisque
538 843 644 904 futurae

25 932 141 1014 anguinis
152 935 269 996 indicio
282 937 342 1017 jam
356 935 539 1016 praecessisse
552 937 692 1014 ruinam,

25 1021 62 1084 foc
73 1026 167 1105 ipsum
181 1029 216 1088 ni
230 1049 318 1108 poena
328 1028 416 1088 foret.
430 1027 512 1089 Nam
526 1029 639 1091 scilicet
653 1050 744 1092 omne

25 1111 114 1199 Eg'ypti
124 1121 278 1202 spatium,
291 1122 339 1184 vel
351 1143 411 1200 quo
422 1135 503 1203 patet
516 1123 618 1204 ampla
633 1120 799 1204 Canopus,
837 1195 842 1220 Ι

25 1203 68 1266 [nx
78 1211 151 1273 inter
161 1215 289 1296 pingues
302 1215 404 1276 sitiens
416 1215 566 1276 defecerat
579 1219 674 1275 undas
687 1261 696 1290 ‚

25 1297 97 1362 inon
107 1309 303 1388 omnipotens
316 1307 447 1369 celerem
460 1328 552 1389 snper
564 1328 633 1368 arva
647 1307 797 1367 medelam

25 1411 161 1477 pergeret,
175 1413 207 1460 et
220 1399 332 1460 nitidos
345 1413 499 1464 revocaret
512 1399 638 1460 vallibus
650 1419 763 1460 amnes.

37 1483 108 1549 Turn
119 1512 190 1553 vero
205 1505 237 1552 ut
248 1493 384 1572 requiem
396 1493 488 1574 pestis
500 1493 643 1556 subducta
658 1492 791 1568 reduxit,

25 1573 121 1642 {ffertur
132 1605 233 1664 rursus
244 1586 335 1646 dilata
345 1595 443 1646 morte
456 1599 619 1668 tyrannus,

25 1665 43 1728 ft
54 1673 91 1732 rix
101 1669 219 1740 evasum*
231 1692 426 1742 contemnens
437 1693 538 1741 mente
550 1678 719 1764 flagellum,

25 1781 152 1832 nnocuam
163 1773 263 1855 flagris
274 1773 407 1856 persistit
420 1773 548 1859 subdere
559 1786 691 1856 gentem.

25 1857 44 1913 ft
54 1861 112 1936 quid
123 1887 176 1944 per
188 1864 332 1928 cunctam'
339 1865 430 1948 stylus
440 1877 541 1925 aestuet
551 1867 596 1924 ire
609 1863 734 1946 superbi

25 1941 162 2034 tentiam,
179 1961 248 2020 caesi
261 1979 422 2022 numerans
435 1957 568 2040 perjuria
578 1959 684 2040 regni?

25 2033 65 2100 3td
74 2055 158 2111 tamen
171 2064 351 2131 extorquent
362 2051 479 2113 varium
492 2051 650 2111 mendacia
663 2061 854 2134 monstrum?

25 2129 136 2226 Uniaque
146 2146 247 2207 vicino
263 2146 381 2206 vixdum
395 2156 519 2225 purgata
531 2162 660 2218 cruore⁷
679 2163 682 2172 ¹

25 2220 141 2296 tanarum
151 2239 238 2297 foedis
252 2237 322 2307 texit
333 2234 499 2296 cantatibus
512 2235 611 2294 urbes.
696 2295 699 2303 ,

25 2311 188 2402 Ctmpfentur
201 2330 303 2403 cellae,
317 2327 417 2401 strati,
433 2325 617 2406 penetralia,
630 2347 759 2403 mensae,
815 2396 818 2405 Δ

25 2401 122 2477 Sustinet
131 2422 306 2482 innumeros
320 2419 425 2502 regalis
439 2440 572 2500 purpura
585 2421 693 2496 saltus,

25 2495 95 2579 Atque
105 2532 239 2590 premens
252 2513 391 2588 homines
404 2511 521 2572 frendet
535 2515 730 2575 succumbere
744 2512 842 2584 ranis,

25 2585 128 2666 Quarum
140 2627 209 2666 mox
219 2605 347 2666 cumulis
359 2602 482 2684 flamma
497 2605 667 2684 tonitruque
680 2604 829 2678 subactis,

25 2675 219 2780 florigerisque,
235 2717 344 2758 sonans
358 2716 528 2757 muscarum
542 2699 631 2757 nubis
643 2699 681 2757 ad
694 2716 778 2756 auras

25 2765 93 2858 Exiit,
105 2786 243 2852 infectum
257 2778 454 2868 currumpens
467 2809 537 2849 aera
551 2787 631 2847 flatu.

25 2859 71 2931 fflfc
79 2897 137 2954 ques
149 2884 269 2944 scinifes
281 2883 431 2955 vocitant,
443 2893 629 2960 quantosque
641 2879 755 2940 volatus
844 2943 848 2952 ,

25 2949 122 3030 Pendula
132 2977 322 3037 committunt
335 2974 451 3036 levibus
465 2974 642 3052 corpuscula
654 2973 770 3047 ventis,

25 3041 214 3151 pennarumque
227 3069 307 3150 vices
320 3078 465 3152 peragunt
476 3065 670 3128 stridentibus
683 3061 760 3128 alis?

25 3135 129 3222 Fultdturt
140 3180 170 3224 se
184 3163 316 3246 pariter,
331 3163 508 3241 turbataque
520 3161 631 3254 moenia
643 3158 808 3239 complent.
