2172 3862
21 293 160 370 v.3l,5.
267 303 475 372 ott-nso
510 307 609 362 itu.
644 313 691 364 tt.
877 298 949 381 αφ’

23 403 182 473 Ventus,
195 408 225 458 et
235 397 332 458 insani
343 397 453 458 feriant
464 401 519 461 sub
532 400 768 477 littora-{luctum

26 491 187 556 Pendula
200 491 359 553 caeruleum
369 511 432 552 non
442 494 530 554 audet
543 495 678 558 scindere
693 498 779 560 tellus

24 589 192 650 lnvasnra
203 586 330 662 fretum,
345 597 461 646 tantum
472 599 610 648 contenta
622 602 756 652 moratur
863 617 866 623 ¹

27 681 188 743 Tramite
200 681 300 760 juncta
311 689 384 752 suo,
398 678 473 758 ripis
486 680 665 744 mirantibus
677 705 780 764 aequor
792 728 801 757 ,

27 776 72 836 ln
91 771 255 847 cumulos,
267 784 445 850 montesque
459 771 564 834 videns
577 776 729 859 insurgere
740 775 846 860 fluctus
859 801 867 836 ε

30 868 120 931 Nec
130 878 238 947 pavet,
251 864 438 944 invaditque,
453 885 510 927 nec
521 865 572 928 illa
587 868 734 931 invaditur
745 870 841 931 undis.

82 959 148 1021 Est
157 959 251 1022 homo
261 958 372 1040 grande
384 956 515 1035 malum,
527 959 600 1044 legis
612 975 826 1047 transgressor,
841 974 870 1024 et
883 981 936 1024 au·
1048 1018 1052 1034 ,

219 1053 294 1126 dax,
770 1099 773 1103 -
933 1107 937 1114 .

34 1144 200 1210 Criminis
214 1143 367 1220 inventor,
381 1143 587 1226 scelerumque
599 1161 755 1228 repertor,
772 1161 802 1210 et
813 1159 936 1222 auctor,

35 1241 222 1300 immemor
235 1237 379 1312 auctoris,
393 1238 500 1298 mortis
512 1241 587 1315 dux,
601 1241 743 1322 germinis
758 1238 851 1317 ssvae,

37 1330 234 1409 Oblitusque
247 1330 292 1390 sui
305 1329 415 1410 patris,
432 1329 592 1408 inimicus,
604 1345 633 1392 et
643 1332 738 1393 bostis
799 1395 804 1402 ,

40 1423 227 1495 Omnibus,
242 1436 329 1501 atque
342 1441 426 1498 suus,
443 1417 523 1483 solus
535 1424 589 1484 sub
603 1437 741 1505 tempore
755 1441 849 1505 parvo

39 1515 282 1598 Transgreditur
293 1526 443 1595 praecepta
454 1512 518 1575 Dei
530 1538 538 1575 :
552 1514 693 1578 scelerata
705 1536 840 1600 propago

40 1609 211 1683 Nascitur,
226 1629 260 1669 cx
273 1603 355 1668 fonte
368 1606 488 1688 sceleris
500 1628 591 1689 genus
604 1629 696 1670 omne
710 1629 863 1685 meamus,

41 1703 96 1764 Ex
111 1701 213 1782 primo
227 1699 396 1778 quicunque
408 1719 510 1760 sumus
522 1721 602 1763 nnnc
614 1723 707 1782 usque
721 1703 832 1778 creati,

41 1796 125 1857 Non
140 1793 251 1874 pictas,
265 1810 327 1851 non
340 1791 385 1851 ira
398 1788 460 1851 Dei
474 1811 530 1853 nos
540 1793 602 1852 ulla
615 1808 742 1857 coercet.

44 1884 162 1949 Secula
173 1884 254 1964 quod
267 1884 385 1944 fucrant
398 1896 542 1946 transacta
553 1885 591 1944 at
602 1898 741 1965 tempora
754 1884 845 1960 Noc,

44 1981 93 2042 Et
106 1979 201 2041 scelus
210 1977 376 2054 assiduum,
390 1979 447 2039 ved
460 1997 534 2040 saeva
547 1975 665 2058 piacula
675 1979 804 2038 mundus

43 2074 202 2145 Adderet,
217 2084 246 2132 et
257 2070 356 2132 nullus
366 2069 527 2132 hominum
539 2069 681 2131 retineret
692 2070 851 2131 honestum
863 2113 873 2146 ,

46 2163 81 2225 N
85 2185 121 2226 ec
134 2178 235 2224 tamen
248 2163 308 2224 ulla
319 2163 409 2224 simul
425 2163 570 2244 processit
583 2182 673 2244 poena
682 2182 826 2238 reomm,

45 2256 126 2318 lnde
137 2252 279 2340 gigantaea
291 2255 387 2316 moles
400 2268 582 2336 praesumpta
594 2254 737 2330 rebellat,

49 2349 205 2431 Sacrilega
218 2348 334 2410 cervice
345 2359 481 2422 tumens,
496 2349 694 2428 quodcunque
705 2346 841 2422 valebat,

17 2493 23 2501 .
50 2443 116 2503 Aut
128 2454 266 2523 poterat,
280 2440 389 2501 stolido
402 2439 460 2502 sibi
473 2441 597 2502 demens
610 2453 727 2525 arrogat
737 2460 826 2516 ausu,

49 2534 108 2596 Nil
123 2533 290 2615 reputando
299 2531 387 2608 Deo,
397 2552 452 2613 per
461 2553 551 2611 quam
559 2533 751 2610 valetomnc,
760 2534 841 2612 quod
849 2544 939 2596 exstat

94 2625 242 2709 Despexit
255 2626 425 2686 Dominum
436 2623 516 2687 velut
529 2626 739 2707 insuperabilis
751 2627 844 2688 audax

47 2719 216 2803 Terrigeua
227 2718 346 2800 proles,
359 2718 528 2806 meruitque
538 2720 659 2780 infanda
673 2737 808 2800 propago

47 2812 249 2896 Naufragium
261 2822 399 2873 terrestre
412 2811 494 2891 pati,
508 2812 581 2870 dum
592 2811 692 2871 littora
703 2828 849 2889 nusquam
928 2809 930 2814 '

48 2903 168 2981 Terra,
186 2905 255 2967 licet
268 2905 413 2981 distenta,
428 2904 528 2980 daret,
543 2904 624 2984 qnod
638 2901 763 2964 flumina
777 2914 887 2984 pontus

53 2995 227 3076 Obrueret,
240 3011 425 3080 pontumque
439 3017 554 3059 nocens
565 2997 761 3062 absconderet
773 2995 890 3070 imber,

55 3088 139 3154 Cum
150 3092 332 3157 moribunda
347 3091 429 3156 fretis
443 3090 588 3156 silvestria
602 3103 707 3155 cuncta
718 3099 873 3166 natarent,
