2106 3846
167 229 224 292 172
355 207 809 267 'ascunavrrr
942 201 1022 285 etp.

163 311 295 395 Turgida
309 308 475 371 Graiorum
488 306 633 388 sapientia
643 305 899 386 philosophorum

164 403 249 467 Inter
261 426 292 465 se
305 404 436 464 tumidos
449 403 554 486 gaudet
568 400 758 490 committere
773 397 889 462 fluctus.

167 497 332 577 Obloquiis
345 518 436 558 vanos
447 494 565 555 sufflant
576 493 732 553 mendacia
746 506 869 571 ventos,

167 589 228 653 Sed
242 592 371 652 clausam
382 610 475 652 vacuo
489 589 607 669 pulsant
621 587 745 667 impunc
759 586 876 647 latratu.

205 685 279 747 Jam
293 687 427 746 medium
440 704 576 745 crescens
590 701 665 742 areae
683 691 855 741 contexerat
870 683 966 756 unda,

170 779 404 858 Commovitque
418 797 520 840 cavam
531 776 715 855 suspendens
728 774 859 852 undique
873 774 994 849 molem,

168 873 209 936 Et
222 872 329 934 melius
340 885 434 932 tutam
444 870 528 933 taciti
541 881 679 950 portante
693 861 812 941 natatu,

170 967 302 1048 Quoque
317 977 425 1029 vocant
437 967 542 1038 undae,
557 963 688 1042 sequitur
700 963 762 1042 jam
775 962 891 1046 mobile
905 963 1012 1044 pondus.

172 1059 324 1125 Cedamus
337 1061 471 1135 mundo,
487 1060 558 1118 dum
572 1057 711 1117 ducimur
725 1079 731 1113 :
746 1076 837 1116 omne
850 1058 994 1128 resistens,

172 1155 206 1217 si
220 1155 299 1218 [lecti
310 1155 421 1229 nescit,
437 1165 550 1213 metuat
562 1150 611 1211 vel
624 1151 758 1231 pondere
770 1150 877 1232 frangi.

172 1248 235 1311 Sed
248 1251 291 1312 sic
303 1251 461 1322 cedamus,
475 1245 586 1305 fluxum
597 1243 754 1303 nesentiat
764 1243 861 1318 intus,

172 1342 371 1407 Peccatumve
385 1342 481 1401 trahat
494 1359 580 1399 mens
592 1336 829 1416 impenetrabilis
842 1337 944 1397 ullum.

172 1436 302 1519 Navigat
316 1437 429 1502 interea
441 1432 568 1494 claustro
582 1428 758 1491 commissus
771 1431 854 1490 eunti

173 1529 258 1590 Fons
270 1529 357 1603 vitae,
371 1539 525 1605 servatque
539 1524 641 1582 furens
654 1542 744 1602 super
756 1523 860 1583 omnia
870 1535 974 1604 pontus
1028 1507 1029 1572 l

175 1617 271 1682 Orbis
283 1619 472 1700 depositum,
487 1619 548 1677 fido
560 1617 641 1696 quod
653 1615 782 1697 tegmine
793 1628 932 1697 promat,
1028 1595 1029 1676 l

175 1713 257 1774 Cum
269 1733 325 1795 pax
337 1726 485 1774 terrarum
500 1711 584 1772 reddi
597 1709 655 1768 sibi
668 1708 768 1768 debita
780 1724 894 1790 poscet.
1028 1695 1029 1770 l

217 1807 299 1892 Ergo
313 1807 396 1868 ibant
409 1807 513 1880 undae,
528 1802 616 1864 tellus
629 1803 802 1864 subducitur
814 1805 932 1879 omnis,
1028 1775 1029 1866 l

30 1910 35 1915 ’
86 1958 88 1962 ,
178 1899 318 1965 Collibus
331 1890 478 1984 impositae
490 1899 625 1961 vicerunt
639 1896 718 1956 edita
728 1895 872 1980 lymphae.

177 1997 308 2059 Delituit
320 2009 413 2060 tectus
425 2007 519 2077 ponto
535 2005 599 2052 tum
611 1990 724 2072 pinifer
737 1987 864 2066 Othris,

178 2087 317 2152 Parnassi
329 2103 427 2153 vertex
438 2101 555 2151 cautem
569 2106 630 2145 non
643 2084 880 2165 protulitaltam,

178 2186 249 2267 lpsa
261 2184 449 2267 cupressiferi
459 2183 608 2242 latuerunt
620 2198 687 2238 saxa
700 2179 819 2262 Lycaei,

182 2275 341 2338 Subductae
356 2297 462 2357 rupes,
474 2286 595 2352 aequatae
608 2270 747 2358 fluctibus
759 2272 871 2353 Alpes,
887 2311 892 2318 -

182 2367 338 2431 Omnibus
353 2368 475 2429 exclusis
488 2379 568 2426 totus
580 2369 641 2448 jam
655 2366 783 2443 deniqne
797 2367 923 2427 mundns

180 2462 253 2546 Axis
267 2474 297 2521 et
310 2461 388 2519 unda
400 2460 464 2520 suit.
478 2459 562 2519 Nam
574 2459 688 2521 eunctis
701 2472 800 2519 morte
808 2458 933 2521 subactis

182 2554 361 2636 Regnabant
374 2553 471 2636 pelagi
486 2554 595 2615 silvoso
610 2554 641 2613 in
652 2553 763 2636 gurgite
777 2567 920 2616 monstra.

183 2647 225 2709 Et
236 2651 297 2730 jam
307 2648 440 2711 vicinum
452 2648 608 2728 pulsabant
620 2647 744 2707 humida
756 2648 885 2722 coelum,
1027 2717 1028 2722 ἵ

184 2743 318 2822 Jamque
333 2741 521 2823 quaterdenis
531 2743 671 2801 manabat
683 2741 823 2802 noctibus
837 2741 949 2814 imber,
1027 2743 1028 2820 J

187 2833 428 2916 Compleratque
442 2858 549 2898 necem
560 2881 569 2912 ,
582 2857 639 2896 nec
651 2839 712 2918 jam
722 2837 803 2916 quod
814 2836 935 2898 tolleret
943 2830 1003 2892 utu
1027 2831 1028 2913 l

186 2927 275 2988 Mors
287 2930 409 3000 habuit,
422 2932 586 3010 pressitque
600 2931 730 2991 natantia
741 2929 847 2990 funera
858 2941 969 3010 pontus.

137 3037 140 3044 ⁴
188 3021 366 3087 Fraenantur
375 3027 495 3090 tandem
509 3025 634 3108 pluviae,
646 3024 831 3108 resplenduit
840 3023 948 3098 aether,
