2106 3846
180 381 238 458 184
400 391 508 448 stc.
542 389 616 443 EI).
651 379 810 446 dvlTl'
940 375 1012 461 clip

176 485 217 549 Et
229 488 300 566 licet
311 487 462 549 immersis
473 486 600 569 defigant
610 485 735 547 vulnera
746 484 873 561 rostris,

175 579 248 643 Plus
258 583 367 643 horror
378 602 468 664 quam
479 601 568 662 poena
581 593 702 660 movet,
717 580 769 641 sed
782 578 862 641 tollit
873 579 979 640 etistart

120 709 124 714 -
174 673 292 736 Ventus
304 697 409 760 agens,
427 688 519 738 cessat
531 675 625 736 laxata
636 673 774 736 molestia
785 673 918 756 paulum.

177 767 347 831 Confestim
361 784 492 833 cessante
505 782 586 831 metu
597 815 606 846 ‚
619 789 677 830 nec
686 768 804 850 longius
815 768 862 828 ira
919 784 925 791 ·

176 859 310 922 Sentitur
324 884 414 942 quam
426 864 513 947 plaga
525 863 609 925 calet.
623 861 684 924 Sed
697 875 780 944 peste
793 875 911 924 remota

176 953 344 1018 Succedunt
357 956 422 1018 aliae
433 958 567 1040 gravius:
584 956 771 1042 consumitur
782 975 877 1017 omne
941 994 944 997 -

174 1047 198 1108 J
199 1062 373 1125 omentum,
386 1065 567 1131 cunctosque
580 1063 682 1134 greges
694 1069 753 1110 nox
769 1048 960 1112 abstulituoa.

174 1140 244 1205 Nec
253 1155 368 1205 tantum
383 1146 526 1206 damnosa
540 1165 607 1206 reos
620 1157 760 1225 portenta
772 1143 896 1226 fatigant
909 1165 916 1202 ε

173 1234 313 1299 Vertitur
325 1240 363 1300 ad
377 1259 498 1301 carnem
510 1258 575 1317 qnae
585 1239 703 1298 suscitat
717 1238 761 1297 ira
774 1236 907 1298 dolores.

173 1329 311 1394 lnsiduut
324 1333 441 1415 penitus
453 1331 599 1413 turgentia
611 1331 735 1392 vulnera
747 1331 915 1406 membris,

174 1423 216 1484 Et
226 1445 309 1486 sacer
322 1427 456 1486 incubuit
469 1425 616 1506 percussis
629 1425 750 1485 artubus
762 1424 849 1507 ignis.

177 1513 320 1579 Creditur
332 1519 381 1579 bic
392 1519 484 1580 etiam
496 1538 564 1579 casu
576 1517 749 1600 contingere
761 1508 890 1600 languor
903 1537 910 1576 ε

175 1608 237 1671 Sed
251 1611 373 1673 morbus
384 1613 494 1676 mentis
506 1611 680 1674 discrimina
692 1611 830 1692 corporis
838 1621 930 1695 urget.

175 1699 318 1764 Praeterit
325 1705 376 1766 ille
391 1706 455 1766 dies
469 1730 476 1766 ι
488 1719 553 1766 tum
566 1707 689 1766 demum
702 1705 769 1767 luce
782 1718 885 1766 secuta

176 1793 356 1860 Concutitur
369 1799 477 1861 coelum
489 1799 619 1875 tonitru,
633 1799 787 1879 nubesque
800 1809 911 1860 coactae

173 1887 320 1953 Terribili
331 1892 492 1974 splendore
504 1893 617 1954 micant
630 1917 637 1952 ι
653 1893 722 1952 serit
735 1891 836 1952 omnia
850 1890 961 1975 fulgur,

174 1982 318 2046 Fulmina
328 2006 435 2068 agens,
450 1996 525 2048 totas
539 2005 599 2045 uno
613 1977 668 2046 sub
682 1999 821 2067 tempore
834 1995 945 2046 mortes

174 2073 305 2141 AEtb'ere
319 2082 437 2142 turbato
449 2079 536 2141 terris
546 2078 695 2139 elementa
708 2079 873 2138 minantur.

173 2169 296 2254 ignibus
308 2175 448 2234 inseritur
460 2172 641 2256 praegrandis
653 2189 783 2252 corpore
794 2171 928 2254 grando,

174 2265 250 2328 Non
262 2279 293 2325 ut
306 2267 385 2326 nube
398 2265 474 2326 solet
486 2265 572 2324 terris
583 2265 724 2324 nimbosa
737 2265 838 2327 venire
852 2287 861 2322 :

138 2401 141 2407 -
176 2355 237 2417 Sed
250 2378 427 2438 quocunque
442 2358 549 2418 cadens
560 2370 591 2417 ut
602 2357 772 2437 deprimat,
787 2369 876 2436 atque
890 2352 990 2415 ruinam

175 2447 316 2509 Pondere
329 2449 377 2508 vel
387 2447 452 2508 solo
464 2446 566 2522 saciat3
581 2450 769 2534 conjungitur
781 2469 850 2532 ergo

175 2541 387 2602 Grandineum
398 2539 527 2601 flammis
540 2543 722 2605 ferventibus
734 2564 802 2604 aere
816 2541 924 2624 frigus,

174 2631 216 2692 Et
227 2647 332 2695 natura
345 2635 412 2698 neci
424 2655 542 2697 servans
555 2635 681 2720 assignat
693 2648 863 2716 utrumque.

176 2723 240 2788 Hic
251 2729 367 2808 primos
379 2741 507 2812 stragem
519 2729 628 2809 sparsis
640 2730 689 2789 dat
699 2729 848 2790 mortibus
859 2725 970 2788 imber:

174 2816 253 2877 Exin
267 2834 428 2883 restantem
441 2821 532 2906 surgit
543 2842 719 2884 consumere
731 2822 862 2884 fructum

175 2908 330 2988 Bruchus,
346 2926 376 2972 et
389 2933 508 2975 excusso
523 2915 676 2976 conlidens
688 2935 774 2977 crure
787 2915 910 2977 locusta.

177 3001 247 3064 Hoc
259 3007 310 3065 sed
324 3005 526 3084 docta'malis‚
540 3009 639 3090 etjam
653 3007 826 3071 discrimine
840 3007 943 3070 crebro

174 3093 408 3178 Tanquam-lene
418 3102 487 3161 satis
501 3100 609 3161 callosa
620 3103 762 3183 superbia
774 3102 865 3168 duxit..
891 3179 895 3188 ,

174 3183 348 3280 Insequitur*
356 3194 440 3255 velox
452 3193 568 3275 gravius
578 3215 644 3284 quse
655 3196 785 3260 vindicet
797 3196 852 3258 ira.
