<?xml version="1.0" encoding="UTF-8"?>
<!DOCTYPE html PUBLIC "-//W3C//DTD XHTML 1.0 Transitional//EN"
    "http://www.w3.org/TR/xhtml1/DTD/xhtml1-transitional.dtd">
<html xmlns="http://www.w3.org/1999/xhtml" xml:lang="en" lang="en">
 <head>
  <title>
</title>
<meta http-equiv="Content-Type" content="text/html;charset=utf-8" />
  <meta name='ocr-system' content='tesseract 3.04.00' />
  <meta name='ocr-capabilities' content='ocr_page ocr_carea ocr_par ocr_line ocrx_word'/>
</head>
<body>
  <div class='ocr_page' id='page_1' title='image "./caiicaeliisedul00sedugoog_0363.png"; bbox 0 0 2126 3848; ppageno 0'>
   <div class='ocr_carea' id='block_1_1' title="bbox 130 265 1024 386">
    <p class='ocr_par' dir='ltr' id='par_1_1' title="bbox 130 265 1024 386">
     <span class='ocr_line' id='line_1_1' title="bbox 130 265 1024 386; baseline -0.009 -22"><span class='ocrx_word' id='word_1_1' title='bbox 130 302 192 368; x_wconf 81' lang='grc'>356</span> <span class='ocrx_word' id='word_1_2' title='bbox 221 335 227 342; x_wconf 91' lang='grc'>-</span> <span class='ocrx_word' id='word_1_3' title='bbox 358 313 533 368; x_wconf 75' lang='lat' dir='ltr'>rotronis</span> <span class='ocrx_word' id='word_1_4' title='bbox 560 265 798 368; x_wconf 71' lang='lat' dir='ltr'>nnosroncn</span> <span class='ocrx_word' id='word_1_5' title='bbox 931 325 960 362; x_wconf 80' lang='lat' dir='ltr'>v.</span> <span class='ocrx_word' id='word_1_6' title='bbox 975 311 1024 386; x_wconf 69' lang='lat'>77⁴</span> 
     </span>
    </p>
   </div>
   <div class='ocr_carea' id='block_1_2' title="bbox 50 405 1024 3206">
    <p class='ocr_par' dir='ltr' id='par_1_2' title="bbox 129 405 1024 1424">
     <span class='ocr_line' id='line_1_2' title="bbox 131 405 840 489; baseline -0.011 -15"><span class='ocrx_word' id='word_1_7' title='bbox 131 408 282 474; x_wconf 72' lang='lat' dir='ltr'>Clamavit</span> <span class='ocrx_word' id='word_1_8' title='bbox 294 407 403 470; x_wconf 83' lang='lat' dir='ltr'>virtute</span> <span class='ocrx_word' id='word_1_9' title='bbox 416 420 524 489; x_wconf 89' lang='lat' dir='ltr'>potens</span> <span class='ocrx_word' id='word_1_10' title='bbox 537 405 676 487; x_wconf 76' lang='lat' dir='ltr'>Baptista</span> <span class='ocrx_word' id='word_1_11' title='bbox 684 405 840 481; x_wconf 71' lang='lat' dir='ltr'>domnus,</span> 
     </span>
     <span class='ocr_line' id='line_1_3' title="bbox 129 491 1011 585; baseline -0.006 -20"><span class='ocrx_word' id='word_1_12' title='bbox 129 504 205 566; x_wconf 85' lang='lat' dir='ltr'>Non</span> <span class='ocrx_word' id='word_1_13' title='bbox 226 523 285 585; x_wconf 82' lang='lat' dir='ltr'>ego</span> <span class='ocrx_word' id='word_1_14' title='bbox 295 523 363 564; x_wconf 91' lang='lat' dir='ltr'>sum</span> <span class='ocrx_word' id='word_1_15' title='bbox 377 545 388 576; x_wconf 86' lang='lat'><strong>‚</strong></span> <span class='ocrx_word' id='word_1_16' title='bbox 402 511 470 583; x_wconf 88' lang='lat' dir='ltr'>post</span> <span class='ocrx_word' id='word_1_17' title='bbox 483 521 532 560; x_wconf 87' lang='lat' dir='ltr'>me</span> <span class='ocrx_word' id='word_1_18' title='bbox 544 500 666 576; x_wconf 82' lang='lat' dir='ltr'>veniet,</span> <span class='ocrx_word' id='word_1_19' title='bbox 677 501 726 562; x_wconf 90' lang='lat' dir='ltr'>cni</span> <span class='ocrx_word' id='word_1_20' title='bbox 734 513 855 583; x_wconf 80' lang='lat' dir='ltr'>tangere</span> <span class='ocrx_word' id='word_1_21' title='bbox 866 491 934 559; x_wconf 84' lang='lat' dir='ltr'>non</span> <span class='ocrx_word' id='word_1_22' title='bbox 946 521 1011 560; x_wconf 82' lang='lat' dir='ltr'>sunt</span> 
     </span>
     <span class='ocr_line' id='line_1_4' title="bbox 131 593 1021 677; baseline -0.008 -17"><span class='ocrx_word' id='word_1_23' title='bbox 131 597 340 664; x_wconf 79' lang='lat' dir='ltr'>Calciamenta</span> <span class='ocrx_word' id='word_1_24' title='bbox 350 595 462 677; x_wconf 89' lang='lat' dir='ltr'>pedum</span> <span class='ocrx_word' id='word_1_25' title='bbox 474 594 597 676; x_wconf 80' lang='lat' dir='ltr'>dignus,</span> <span class='ocrx_word' id='word_1_26' title='bbox 609 613 707 672; x_wconf 81' lang='lat' dir='ltr'>neque</span> <span class='ocrx_word' id='word_1_27' title='bbox 718 593 836 654; x_wconf 80' lang='lat' dir='ltr'>solvere</span> <span class='ocrx_word' id='word_1_28' title='bbox 845 613 1021 666; x_wconf 81' lang='lat' dir='ltr'>suminam,</span> 
     </span>
     <span class='ocr_line' id='line_1_5' title="bbox 131 685 845 774; baseline -0.008 -21"><span class='ocrx_word' id='word_1_29' title='bbox 131 690 212 772; x_wconf 74' lang='lat' dir='ltr'>Quae</span> <span class='ocrx_word' id='word_1_30' title='bbox 222 691 292 774; x_wconf 82' lang='lat' dir='ltr'>ligat</span> <span class='ocrx_word' id='word_1_31' title='bbox 302 686 564 750; x_wconf 78' lang='lat' dir='ltr'>excelsasbomilis</span> <span class='ocrx_word' id='word_1_32' title='bbox 579 687 709 769; x_wconf 83' lang='lat' dir='ltr'>corrigia</span> <span class='ocrx_word' id='word_1_33' title='bbox 716 685 845 767; x_wconf 80' lang='lat' dir='ltr'>plantas.</span> 
     </span>
     <span class='ocr_line' id='line_1_6' title="bbox 132 779 905 865; baseline -0.009 -19"><span class='ocrx_word' id='word_1_34' title='bbox 132 783 237 865; x_wconf 81' lang='lat' dir='ltr'>Quam</span> <span class='ocrx_word' id='word_1_35' title='bbox 245 786 324 846; x_wconf 90' lang='lat' dir='ltr'>bene</span> <span class='ocrx_word' id='word_1_36' title='bbox 336 803 392 844; x_wconf 83' lang='lat' dir='ltr'>vox</span> <span class='ocrx_word' id='word_1_37' title='bbox 407 779 495 842; x_wconf 79' lang='lat' dir='ltr'>Pauli</span> <span class='ocrx_word' id='word_1_38' title='bbox 507 779 616 842; x_wconf 78' lang='lat' dir='ltr'>cecinit</span> <span class='ocrx_word' id='word_1_39' title='bbox 627 792 779 860; x_wconf 77' lang='lat' dir='ltr'>praecepta</span> <span class='ocrx_word' id='word_1_40' title='bbox 787 779 905 842; x_wconf 74' lang='lat' dir='ltr'>lavacri</span> 
     </span>
     <span class='ocr_line' id='line_1_7' title="bbox 133 872 898 954; baseline -0.008 -16"><span class='ocrx_word' id='word_1_41' title='bbox 133 877 325 939; x_wconf 87' lang='lat' dir='ltr'>Permisceus</span> <span class='ocrx_word' id='word_1_42' title='bbox 336 875 458 954; x_wconf 79' lang='lat' dir='ltr'>antiqua</span> <span class='ocrx_word' id='word_1_43' title='bbox 472 873 575 944; x_wconf 86' lang='lat' dir='ltr'>noris;</span> <span class='ocrx_word' id='word_1_44' title='bbox 590 893 648 934; x_wconf 91' lang='lat' dir='ltr'>nec</span> <span class='ocrx_word' id='word_1_45' title='bbox 660 872 787 954; x_wconf 78' lang='lat' dir='ltr'>epistole</span> <span class='ocrx_word' id='word_1_46' title='bbox 798 885 898 934; x_wconf 78' lang='lat' dir='ltr'>cessat</span> 
     </span>
     <span class='ocr_line' id='line_1_8' title="bbox 133 967 874 1050; baseline -0.008 -18"><span class='ocrx_word' id='word_1_47' title='bbox 133 969 319 1034; x_wconf 78' lang='lat' dir='ltr'>llaeciterare</span> <span class='ocrx_word' id='word_1_48' title='bbox 331 971 460 1030; x_wconf 90' lang='lat' dir='ltr'>docens:</span> <span class='ocrx_word' id='word_1_49' title='bbox 473 980 574 1050; x_wconf 80' lang='lat' dir='ltr'>patres</span> <span class='ocrx_word' id='word_1_50' title='bbox 582 967 761 1047; x_wconf 79' lang='lat' dir='ltr'>baptismate</span> <span class='ocrx_word' id='word_1_51' title='bbox 773 967 874 1027; x_wconf 89' lang='lat' dir='ltr'>nostri</span> 
     </span>
     <span class='ocr_line' id='line_1_9' title="bbox 132 1057 804 1126; baseline -0.013 0"><span class='ocrx_word' id='word_1_52' title='bbox 132 1065 170 1126; x_wconf 91' lang='lat' dir='ltr'>ln</span> <span class='ocrx_word' id='word_1_53' title='bbox 189 1065 282 1126; x_wconf 90' lang='lat' dir='ltr'>rubro</span> <span class='ocrx_word' id='word_1_54' title='bbox 293 1062 401 1122; x_wconf 78' lang='lat' dir='ltr'>fulsere</span> <span class='ocrx_word' id='word_1_55' title='bbox 409 1061 487 1120; x_wconf 84' lang='lat' dir='ltr'>freto</span> <span class='ocrx_word' id='word_1_56' title='bbox 501 1061 556 1120; x_wconf 89' lang='lat' dir='ltr'>sub</span> <span class='ocrx_word' id='word_1_57' title='bbox 569 1059 696 1119; x_wconf 90' lang='lat' dir='ltr'>nomine</span> <span class='ocrx_word' id='word_1_58' title='bbox 707 1057 804 1118; x_wconf 74' lang='lat' dir='ltr'>Mosae</span> 
     </span>
     <span class='ocr_line' id='line_1_10' title="bbox 133 1151 920 1243; baseline -0.006 -23"><span class='ocrx_word' id='word_1_59' title='bbox 133 1158 195 1220; x_wconf 86' lang='lat' dir='ltr'>Per</span> <span class='ocrx_word' id='word_1_60' title='bbox 207 1160 304 1243; x_wconf 79' lang='lat' dir='ltr'>legem</span> <span class='ocrx_word' id='word_1_61' title='bbox 316 1201 325 1232; x_wconf 92' lang='lat'><strong>‚</strong></span> <span class='ocrx_word' id='word_1_62' title='bbox 340 1176 410 1218; x_wconf 87' lang='lat' dir='ltr'>eum</span> <span class='ocrx_word' id='word_1_63' title='bbox 419 1167 506 1235; x_wconf 80' lang='lat' dir='ltr'>petra</span> <span class='ocrx_word' id='word_1_64' title='bbox 512 1151 605 1214; x_wconf 87' lang='lat' dir='ltr'>simul</span> <span class='ocrx_word' id='word_1_65' title='bbox 614 1163 789 1232; x_wconf 73' lang='lat' dir='ltr'>sequeretur</span> <span class='ocrx_word' id='word_1_66' title='bbox 798 1167 920 1219; x_wconf 86' lang='lat' dir='ltr'>euntes.</span> 
     </span>
     <span class='ocr_line' id='line_1_11' title="bbox 133 1242 1024 1335; baseline -0.008 -20"><span class='ocrx_word' id='word_1_67' title='bbox 133 1252 219 1315; x_wconf 80' lang='lat' dir='ltr'>Num</span> <span class='ocrx_word' id='word_1_68' title='bbox 233 1264 321 1335; x_wconf 83' lang='lat' dir='ltr'>petra</span> <span class='ocrx_word' id='word_1_69' title='bbox 334 1248 471 1312; x_wconf 88' lang='lat' dir='ltr'>Christus</span> <span class='ocrx_word' id='word_1_70' title='bbox 484 1259 555 1308; x_wconf 82' lang='lat' dir='ltr'>erut.</span> <span class='ocrx_word' id='word_1_71' title='bbox 571 1242 660 1324; x_wconf 85' lang='lat' dir='ltr'><strong>Quid</strong></span> <span class='ocrx_word' id='word_1_72' title='bbox 677 1245 773 1308; x_wconf 77' lang='lat' dir='ltr'>adbuc</span> <span class='ocrx_word' id='word_1_73' title='bbox 789 1267 866 1330; x_wconf 80' lang='lat' dir='ltr'>gens</span> <span class='ocrx_word' id='word_1_74' title='bbox 875 1249 968 1308; x_wconf 78' lang='lat' dir='ltr'>surde</span> <span class='ocrx_word' id='word_1_75' title='bbox 979 1268 1024 1308; x_wconf 84' lang='lat' dir='ltr'>re-</span> 
     </span>
     <span class='ocr_line' id='line_1_12' title="bbox 300 1343 414 1424; baseline 0.018 -20"><span class='ocrx_word' id='word_1_76' title='bbox 300 1343 414 1424; x_wconf 80' lang='lat' dir='ltr'>quiris?</span> 
     </span>
    </p>

    <p class='ocr_par' dir='ltr' id='par_1_3' title="bbox 132 1437 963 2176">
     <span class='ocr_line' id='line_1_13' title="bbox 132 1437 839 1500; baseline -0.003 -2"><span class='ocrx_word' id='word_1_77' title='bbox 132 1438 171 1499; x_wconf 92' lang='lat' dir='ltr'>ln</span> <span class='ocrx_word' id='word_1_78' title='bbox 182 1437 269 1498; x_wconf 92' lang='lat' dir='ltr'>libris</span> <span class='ocrx_word' id='word_1_79' title='bbox 279 1450 365 1499; x_wconf 82' lang='lat' dir='ltr'>sonat</span> <span class='ocrx_word' id='word_1_80' title='bbox 374 1459 443 1500; x_wconf 90' lang='lat' dir='ltr'>ecce</span> <span class='ocrx_word' id='word_1_81' title='bbox 453 1438 511 1499; x_wconf 91' lang='lat' dir='ltr'>tuis</span> <span class='ocrx_word' id='word_1_82' title='bbox 523 1460 531 1496; x_wconf 75' lang='grc' dir='ltr'><strong><em>ε</em></strong></span> <span class='ocrx_word' id='word_1_83' title='bbox 545 1457 584 1498; x_wconf 91' lang='lat' dir='ltr'>ne</span> <span class='ocrx_word' id='word_1_84' title='bbox 596 1437 719 1499; x_wconf 89' lang='lat' dir='ltr'>credere</span> <span class='ocrx_word' id='word_1_85' title='bbox 731 1437 839 1497; x_wconf 77' lang='lat' dir='ltr'>tardes</span> 
     </span>
     <span class='ocr_line' id='line_1_14' title="bbox 135 1529 963 1614; baseline -0.005 -21"><span class='ocrx_word' id='word_1_86' title='bbox 135 1529 271 1593; x_wconf 86' lang='lat' dir='ltr'>Consule</span> <span class='ocrx_word' id='word_1_87' title='bbox 281 1531 363 1613; x_wconf 81' lang='lat' dir='ltr'>signu</span> <span class='ocrx_word' id='word_1_88' title='bbox 372 1532 484 1606; x_wconf 79' lang='lat' dir='ltr'>muris,</span> <span class='ocrx_word' id='word_1_89' title='bbox 499 1552 564 1610; x_wconf 80' lang='lat' dir='ltr'>quae</span> <span class='ocrx_word' id='word_1_90' title='bbox 577 1531 703 1614; x_wconf 80' lang='lat' dir='ltr'>mystica</span> <span class='ocrx_word' id='word_1_91' title='bbox 713 1532 794 1592; x_wconf 80' lang='lat' dir='ltr'>dona</span> <span class='ocrx_word' id='word_1_92' title='bbox 803 1541 963 1591; x_wconf 80' lang='lat' dir='ltr'>susurrant</span> 
     </span>
     <span class='ocr_line' id='line_1_15' title="bbox 133 1622 956 1708; baseline 0.002 -25"><span class='ocrx_word' id='word_1_93' title='bbox 133 1622 339 1704; x_wconf 81' lang='lat' dir='ltr'>Temporibus</span> <span class='ocrx_word' id='word_1_94' title='bbox 351 1638 475 1685; x_wconf 79' lang='lat' dir='ltr'>ventura</span> <span class='ocrx_word' id='word_1_95' title='bbox 487 1624 583 1686; x_wconf 93' lang='lat' dir='ltr'>crucis</span> <span class='ocrx_word' id='word_1_96' title='bbox 599 1667 608 1699; x_wconf 87' lang='lat'>,</span> <span class='ocrx_word' id='word_1_97' title='bbox 624 1645 693 1686; x_wconf 88' lang='lat' dir='ltr'>curn</span> <span class='ocrx_word' id='word_1_98' title='bbox 706 1624 850 1708; x_wconf 78' lang='lat' dir='ltr'>sanguine</span> <span class='ocrx_word' id='word_1_99' title='bbox 861 1623 956 1685; x_wconf 82' lang='lat' dir='ltr'>Jesus</span> 
     </span>
     <span class='ocr_line' id='line_1_16' title="bbox 133 1715 914 1796; baseline 0.001 -20"><span class='ocrx_word' id='word_1_100' title='bbox 133 1715 239 1776; x_wconf 83' lang='lat' dir='ltr'>Tinxit</span> <span class='ocrx_word' id='word_1_101' title='bbox 251 1734 341 1796; x_wconf 80' lang='lat' dir='ltr'>aquas</span> <span class='ocrx_word' id='word_1_102' title='bbox 354 1758 363 1788; x_wconf 82' lang='lat'><strong>‚</strong></span> <span class='ocrx_word' id='word_1_103' title='bbox 379 1716 540 1796; x_wconf 81' lang='lat' dir='ltr'>laterisque</span> <span class='ocrx_word' id='word_1_104' title='bbox 551 1737 612 1776; x_wconf 90' lang='lat' dir='ltr'>uno</span> <span class='ocrx_word' id='word_1_105' title='bbox 626 1719 663 1776; x_wconf 91' lang='lat' dir='ltr'>de</span> <span class='ocrx_word' id='word_1_106' title='bbox 676 1716 799 1778; x_wconf 85' lang='lat' dir='ltr'>vulnere</span> <span class='ocrx_word' id='word_1_107' title='bbox 807 1715 914 1793; x_wconf 82' lang='lat' dir='ltr'>fluxit,</span> 
     </span>
     <span class='ocr_line' id='line_1_17' title="bbox 135 1808 926 1890; baseline 0.001 -20"><span class='ocrx_word' id='word_1_108' title='bbox 135 1808 231 1890; x_wconf 86' lang='lat' dir='ltr'>Quod</span> <span class='ocrx_word' id='word_1_109' title='bbox 241 1809 309 1872; x_wconf 78' lang='lat' dir='ltr'>vitre</span> <span class='ocrx_word' id='word_1_110' title='bbox 321 1809 379 1870; x_wconf 79' lang='lat' dir='ltr'>tria</span> <span class='ocrx_word' id='word_1_111' title='bbox 390 1809 481 1870; x_wconf 79' lang='lat' dir='ltr'>donat</span> <span class='ocrx_word' id='word_1_112' title='bbox 493 1811 576 1874; x_wconf 83' lang='lat' dir='ltr'>daret</span> <span class='ocrx_word' id='word_1_113' title='bbox 591 1834 598 1870; x_wconf 92' lang='lat'>:</span> <span class='ocrx_word' id='word_1_114' title='bbox 612 1810 706 1874; x_wconf 84' lang='lat' dir='ltr'>rubor</span> <span class='ocrx_word' id='word_1_115' title='bbox 717 1809 837 1889; x_wconf 85' lang='lat' dir='ltr'>equoris</span> <span class='ocrx_word' id='word_1_116' title='bbox 850 1809 926 1887; x_wconf 89' lang='lat' dir='ltr'>ille,</span> 
     </span>
     <span class='ocr_line' id='line_1_18' title="bbox 136 1903 888 1980; baseline -0.003 -13"><span class='ocrx_word' id='word_1_117' title='bbox 136 1904 342 1968; x_wconf 79' lang='lat' dir='ltr'>Cousalutura</span> <span class='ocrx_word' id='word_1_118' title='bbox 355 1904 410 1966; x_wconf 84' lang='lat' dir='ltr'>luit</span> <span class='ocrx_word' id='word_1_119' title='bbox 423 1928 429 1963; x_wconf 90' lang='lat'>:</span> <span class='ocrx_word' id='word_1_120' title='bbox 444 1904 487 1966; x_wconf 94' lang='lat' dir='ltr'>sic</span> <span class='ocrx_word' id='word_1_121' title='bbox 500 1904 641 1967; x_wconf 91' lang='lat' dir='ltr'>conditor</span> <span class='ocrx_word' id='word_1_122' title='bbox 653 1903 746 1965; x_wconf 81' lang='lat' dir='ltr'>abluit</span> <span class='ocrx_word' id='word_1_123' title='bbox 759 1923 888 1980; x_wconf 84' lang='lat' dir='ltr'>omnes,</span> 
     </span>
     <span class='ocr_line' id='line_1_19' title="bbox 136 1996 905 2083; baseline -0.003 -23"><span class='ocrx_word' id='word_1_124' title='bbox 136 1998 189 2062; x_wconf 91' lang='lat' dir='ltr'>Sic</span> <span class='ocrx_word' id='word_1_125' title='bbox 199 2000 274 2062; x_wconf 87' lang='lat' dir='ltr'>emit</span> <span class='ocrx_word' id='word_1_126' title='bbox 286 2044 297 2076; x_wconf 86' lang='lat'>‚</span> <span class='ocrx_word' id='word_1_127' title='bbox 310 1998 359 2062; x_wconf 93' lang='lat' dir='ltr'>bic</span> <span class='ocrx_word' id='word_1_128' title='bbox 370 1997 461 2080; x_wconf 88' lang='lat' dir='ltr'>pretii</span> <span class='ocrx_word' id='word_1_129' title='bbox 475 1997 561 2061; x_wconf 92' lang='lat' dir='ltr'>color</span> <span class='ocrx_word' id='word_1_130' title='bbox 575 2009 618 2060; x_wconf 90' lang='lat' dir='ltr'>est</span> <span class='ocrx_word' id='word_1_131' title='bbox 628 1997 660 2060; x_wconf 89' lang='lat' dir='ltr'>in</span> <span class='ocrx_word' id='word_1_132' title='bbox 672 1996 786 2083; x_wconf 83' lang='lat' dir='ltr'>gurgite</span> <span class='ocrx_word' id='word_1_133' title='bbox 798 1999 905 2078; x_wconf 85' lang='lat' dir='ltr'>ponti,</span> 
     </span>
     <span class='ocr_line' id='line_1_20' title="bbox 134 2091 862 2176; baseline 0 -22"><span class='ocrx_word' id='word_1_134' title='bbox 134 2094 353 2176; x_wconf 81' lang='lat' dir='ltr'>Apparentque</span> <span class='ocrx_word' id='word_1_135' title='bbox 365 2094 398 2154; x_wconf 93' lang='lat' dir='ltr'>in</span> <span class='ocrx_word' id='word_1_136' title='bbox 411 2093 488 2156; x_wconf 80' lang='lat' dir='ltr'>vado</span> <span class='ocrx_word' id='word_1_137' title='bbox 502 2092 648 2156; x_wconf 79' lang='lat' dir='ltr'>miracola</span> <span class='ocrx_word' id='word_1_138' title='bbox 660 2091 760 2153; x_wconf 80' lang='lat' dir='ltr'>debite</span> <span class='ocrx_word' id='word_1_139' title='bbox 766 2091 862 2176; x_wconf 72' lang='lat' dir='ltr'>ligno.</span> 
     </span>
    </p>

    <p class='ocr_par' dir='ltr' id='par_1_4' title="bbox 50 2184 996 3206">
     <span class='ocr_line' id='line_1_21' title="bbox 177 2184 855 2270; baseline 0.001 -23"><span class='ocrx_word' id='word_1_140' title='bbox 177 2185 297 2270; x_wconf 75' lang='lat' dir='ltr'>Saepius</span> <span class='ocrx_word' id='word_1_141' title='bbox 309 2187 444 2250; x_wconf 78' lang='lat' dir='ltr'>obscuris</span> <span class='ocrx_word' id='word_1_142' title='bbox 456 2187 557 2248; x_wconf 81' lang='lat' dir='ltr'>radios</span> <span class='ocrx_word' id='word_1_143' title='bbox 569 2185 727 2252; x_wconf 79' lang='lat' dir='ltr'>infundere</span> <span class='ocrx_word' id='word_1_144' title='bbox 735 2184 855 2248; x_wconf 71' lang='lat' dir='ltr'>fervens</span> 
     </span>
     <span class='ocr_line' id='line_1_22' title="bbox 136 2277 992 2356; baseline 0.002 -16"><span class='ocrx_word' id='word_1_145' title='bbox 136 2279 312 2356; x_wconf 85' lang='lat' dir='ltr'>Mentibus,</span> <span class='ocrx_word' id='word_1_146' title='bbox 328 2281 392 2344; x_wconf 72' lang='lat' dir='ltr'>brec</span> <span class='ocrx_word' id='word_1_147' title='bbox 405 2301 505 2342; x_wconf 78' lang='lat' dir='ltr'>rursus</span> <span class='ocrx_word' id='word_1_148' title='bbox 517 2281 700 2342; x_wconf 82' lang='lat' dir='ltr'>memoravit</span> <span class='ocrx_word' id='word_1_149' title='bbox 710 2279 742 2342; x_wconf 88' lang='lat' dir='ltr'>in</span> <span class='ocrx_word' id='word_1_150' title='bbox 752 2281 859 2342; x_wconf 89' lang='lat' dir='ltr'>ordine</span> <span class='ocrx_word' id='word_1_151' title='bbox 873 2277 992 2342; x_wconf 76' lang='lat' dir='ltr'>Paulus</span> 
     </span>
     <span class='ocr_line' id='line_1_23' title="bbox 50 2369 835 2454; baseline 0.003 -22"><span class='ocrx_word' id='word_1_152' title='bbox 50 2369 52 2374; x_wconf 78' lang='grc'><strong>’</strong></span> <span class='ocrx_word' id='word_1_153' title='bbox 135 2371 300 2451; x_wconf 76' lang='lat' dir='ltr'>Postquam</span> <span class='ocrx_word' id='word_1_154' title='bbox 313 2374 394 2454; x_wconf 78' lang='lat' dir='ltr'>signa</span> <span class='ocrx_word' id='word_1_155' title='bbox 406 2369 470 2431; x_wconf 88' lang='lat' dir='ltr'>Dei</span> <span class='ocrx_word' id='word_1_156' title='bbox 483 2372 581 2434; x_wconf 83' lang='lat' dir='ltr'>carnis</span> <span class='ocrx_word' id='word_1_157' title='bbox 592 2373 714 2436; x_wconf 82' lang='lat' dir='ltr'>vestitus</span> <span class='ocrx_word' id='word_1_158' title='bbox 725 2374 835 2437; x_wconf 83' lang='lat' dir='ltr'>amictu</span> 
     </span>
     <span class='ocr_line' id='line_1_24' title="bbox 138 2462 996 2548; baseline 0.003 -22"><span class='ocrx_word' id='word_1_159' title='bbox 138 2462 275 2526; x_wconf 87' lang='lat' dir='ltr'>Christus</span> <span class='ocrx_word' id='word_1_160' title='bbox 287 2463 398 2543; x_wconf 88' lang='lat' dir='ltr'>ubique</span> <span class='ocrx_word' id='word_1_161' title='bbox 407 2463 510 2543; x_wconf 80' lang='lat' dir='ltr'>dedit,</span> <span class='ocrx_word' id='word_1_162' title='bbox 523 2465 635 2530; x_wconf 82' lang='lat' dir='ltr'>faciens</span> <span class='ocrx_word' id='word_1_163' title='bbox 648 2467 823 2545; x_wconf 79' lang='lat' dir='ltr'>manifeste,</span> <span class='ocrx_word' id='word_1_164' title='bbox 834 2469 920 2548; x_wconf 87' lang='lat' dir='ltr'>qnod</span> <span class='ocrx_word' id='word_1_165' title='bbox 932 2471 996 2531; x_wconf 87' lang='lat' dir='ltr'>orbi</span> 
     </span>
     <span class='ocr_line' id='line_1_25' title="bbox 124 2556 830 2643; baseline 0.003 -25"><span class='ocrx_word' id='word_1_166' title='bbox 124 2557 265 2620; x_wconf 82' lang='lat' dir='ltr'>·Venerit</span> <span class='ocrx_word' id='word_1_167' title='bbox 278 2557 341 2639; x_wconf 87' lang='lat' dir='ltr'>ipsc</span> <span class='ocrx_word' id='word_1_168' title='bbox 354 2556 431 2618; x_wconf 82' lang='lat' dir='ltr'>salus</span> <span class='ocrx_word' id='word_1_169' title='bbox 444 2582 451 2618; x_wconf 91' lang='lat'><strong>:</strong></span> <span class='ocrx_word' id='word_1_170' title='bbox 465 2559 594 2622; x_wconf 87' lang='lat' dir='ltr'>stimulis</span> <span class='ocrx_word' id='word_1_171' title='bbox 603 2559 708 2643; x_wconf 78' lang='lat' dir='ltr'>agitata</span> <span class='ocrx_word' id='word_1_172' title='bbox 721 2558 830 2621; x_wconf 85' lang='lat' dir='ltr'>furoris</span> 
     </span>
     <span class='ocr_line' id='line_1_26' title="bbox 137 2650 904 2736; baseline 0 -20"><span class='ocrx_word' id='word_1_173' title='bbox 137 2652 239 2735; x_wconf 84' lang='lat' dir='ltr'>lmpia</span> <span class='ocrx_word' id='word_1_174' title='bbox 251 2651 338 2713; x_wconf 83' lang='lat' dir='ltr'>turba</span> <span class='ocrx_word' id='word_1_175' title='bbox 353 2650 484 2714; x_wconf 80' lang='lat' dir='ltr'>fremens</span> <span class='ocrx_word' id='word_1_176' title='bbox 498 2695 508 2728; x_wconf 86' lang='lat'><strong><em>,</em></strong></span> <span class='ocrx_word' id='word_1_177' title='bbox 521 2652 686 2734; x_wconf 89' lang='lat' dir='ltr'>petitbunc</span> <span class='ocrx_word' id='word_1_178' title='bbox 697 2674 715 2714; x_wconf 81' lang='lat' dir='ltr'>u</span> <span class='ocrx_word' id='word_1_179' title='bbox 725 2655 789 2736; x_wconf 85' lang='lat' dir='ltr'>jure</span> <span class='ocrx_word' id='word_1_180' title='bbox 811 2650 904 2716; x_wconf 80' lang='lat' dir='ltr'>Pilati</span> 
     </span>
     <span class='ocr_line' id='line_1_27' title="bbox 138 2745 840 2831; baseline -0.001 -23"><span class='ocrx_word' id='word_1_181' title='bbox 138 2746 305 2829; x_wconf 79' lang='lat' dir='ltr'>suspendi,</span> <span class='ocrx_word' id='word_1_182' title='bbox 316 2745 425 2831; x_wconf 82' lang='lat' dir='ltr'>figique</span> <span class='ocrx_word' id='word_1_183' title='bbox 437 2747 538 2810; x_wconf 92' lang='lat' dir='ltr'>cruci:</span> <span class='ocrx_word' id='word_1_184' title='bbox 553 2759 672 2809; x_wconf 79' lang='lat' dir='ltr'>terrena</span> <span class='ocrx_word' id='word_1_185' title='bbox 684 2767 840 2830; x_wconf 82' lang='lat' dir='ltr'>propago,</span> 
     </span>
     <span class='ocr_line' id='line_1_28' title="bbox 114 2833 877 2928; baseline 0.001 -26"><span class='ocrx_word' id='word_1_186' title='bbox 114 2886 118 2894; x_wconf 41' lang='lat'>1</span> <span class='ocrx_word' id='word_1_187' title='bbox 136 2839 220 2902; x_wconf 81' lang='lat' dir='ltr'>Vota</span> <span class='ocrx_word' id='word_1_188' title='bbox 231 2843 312 2920; x_wconf 89' lang='lat' dir='ltr'>quod</span> <span class='ocrx_word' id='word_1_189' title='bbox 323 2833 439 2922; x_wconf 78' lang='lat' dir='ltr'>optanti</span> <span class='ocrx_word' id='word_1_190' title='bbox 454 2861 516 2901; x_wconf 87' lang='lat' dir='ltr'>non</span> <span class='ocrx_word' id='word_1_191' title='bbox 529 2853 654 2928; x_wconf 82' lang='lat' dir='ltr'>possunt</span> <span class='ocrx_word' id='word_1_192' title='bbox 667 2841 769 2910; x_wconf 86' lang='lat' dir='ltr'>omnia</span> <span class='ocrx_word' id='word_1_193' title='bbox 779 2839 877 2918; x_wconf 79' lang='lat' dir='ltr'>serre,</span> 
     </span>
     <span class='ocr_line' id='line_1_29' title="bbox 138 2916 863 3015; baseline 0.001 -21"><span class='ocrx_word' id='word_1_194' title='bbox 138 2931 256 3015; x_wconf 88' lang='lat' dir='ltr'>Sponte</span> <span class='ocrx_word' id='word_1_195' title='bbox 266 2927 415 2994; x_wconf 77' lang='lat' dir='ltr'>salutiferi</span> <span class='ocrx_word' id='word_1_196' title='bbox 425 2916 577 2997; x_wconf 73' lang='lat' dir='ltr'>cesseiunt</span> <span class='ocrx_word' id='word_1_197' title='bbox 589 2956 715 2997; x_wconf 82' lang='lat' dir='ltr'>munera</span> <span class='ocrx_word' id='word_1_198' title='bbox 729 2932 863 3012; x_wconf 82' lang='lat' dir='ltr'>Christi,</span> 
     </span>
     <span class='ocr_line' id='line_1_30' title="bbox 89 3025 830 3110; baseline 0.009 -25"><span class='ocrx_word' id='word_1_199' title='bbox 89 3069 93 3076; x_wconf 83' lang='grc'><strong>-</strong></span> <span class='ocrx_word' id='word_1_200' title='bbox 139 3025 204 3106; x_wconf 87' lang='lat' dir='ltr'>Qui</span> <span class='ocrx_word' id='word_1_201' title='bbox 215 3025 360 3088; x_wconf 78' lang='lat' dir='ltr'>libertatis</span> <span class='ocrx_word' id='word_1_202' title='bbox 368 3029 501 3110; x_wconf 90' lang='lat' dir='ltr'>pretium</span> <span class='ocrx_word' id='word_1_203' title='bbox 513 3029 569 3090; x_wconf 82' lang='lat' dir='ltr'>tibi</span> <span class='ocrx_word' id='word_1_204' title='bbox 581 3033 665 3092; x_wconf 78' lang='lat' dir='ltr'>venit</span> <span class='ocrx_word' id='word_1_205' title='bbox 675 3030 712 3092; x_wconf 77' lang='lat' dir='ltr'>ab</span> <span class='ocrx_word' id='word_1_206' title='bbox 723 3030 830 3107; x_wconf 76' lang='lat' dir='ltr'>astris,</span> 
     </span>
     <span class='ocr_line' id='line_1_31' title="bbox 138 3116 931 3206; baseline 0.003 -22"><span class='ocrx_word' id='word_1_207' title='bbox 138 3116 261 3184; x_wconf 80' lang='lat' dir='ltr'>Perdita</span> <span class='ocrx_word' id='word_1_208' title='bbox 273 3120 429 3194; x_wconf 83' lang='lat' dir='ltr'>restituens</span> <span class='ocrx_word' id='word_1_209' title='bbox 442 3165 452 3199; x_wconf 81' lang='lat'><strong>,</strong></span> <span class='ocrx_word' id='word_1_210' title='bbox 465 3122 647 3204; x_wconf 84' lang='lat' dir='ltr'>tumulisque</span> <span class='ocrx_word' id='word_1_211' title='bbox 658 3124 786 3206; x_wconf 79' lang='lat' dir='ltr'>jacentia</span> <span class='ocrx_word' id='word_1_212' title='bbox 797 3123 931 3203; x_wconf 88' lang='lat' dir='ltr'>tullens,</span> 
     </span>
    </p>
   </div>
   <div class='ocr_carea' id='block_1_3' title="bbox 0 0 1078 3848">
    <p class='ocr_par' dir='ltr' id='par_1_5' title="bbox 0 0 1078 3848">
     <span class='ocr_line' id='line_1_32' title="bbox 0 0 1078 3848; baseline 0 0"><span class='ocrx_word' id='word_1_213' title='bbox 0 0 1078 3848; x_wconf 95' lang='lat' dir='ltr'> </span> 
     </span>
    </p>
   </div>
  </div>
 </body>
</html>
