2106 3846
159 323 219 364 ιιι
393 309 500 364 ΑΗ..
534 309 607 362 ΕΙ).
641 313 801 368 Avl'rt
932 307 1048 370 vass.

157 405 304 467 Femineo
316 423 385 465 sexu
397 416 514 466 mentes
524 404 646 466 transite
659 405 782 482 viriles,

157 498 226 559 Nec
235 497 381 578 trepidate
395 516 475 558 noro
486 497 649 558 fortissima
660 500 752 560 eorda
762 498 905 561 tumultu.

155 592 306 652 Adversos
316 589 474 672 haecsigna
487 603 612 669 petunt,
626 609 679 650 vos
690 590 772 672 nulla
783 591 919 653 timendi

156 681 257 745 Causa
266 695 386 757 menet,
401 701 476 761 quos
488 702 558 744 cure
570 683 615 763 pii
629 683 787 744 confirmet
797 686 928 747 amoris.

157 776 317 855 Quaeritis,
330 795 476 858 agnosco,
491 776 623 855 pretiose
635 776 748 836 insede
762 777 895 858 sepulcri

157 867 296 930 Solemni
308 887 404 948 nuper
415 867 593 927 tumulatum
607 867 712 928 funere
725 867 836 929 lusum.

157 961 219 1022 Sed
232 961 405 1023 meminisse
418 961 587 1039 deestquid
600 961 740 1040 praescius
753 980 806 1021 ore
819 961 908 1022 fideli

155 1053 275 1116 Dixerit
285 1069 352 1115 ante
367 1053 502 1127 obitum,
517 1053 631 1134 duplici
642 1073 705 1114 non
719 1052 849 1134 amplius
860 1055 930 1116 ulla

158 1145 346 1210 serrandum
358 1168 389 1208 se
400 1160 509 1220 nocte,
523 1159 556 1204 et
566 1148 688 1228 jamjam
701 1145 804 1206 tertius
816 1147 866 1207 hic
879 1161 931 1208 est

159 1239 227 1319 Qui
240 1240 373 1322 complet
384 1239 532 1321 promissa
544 1239 624 1298 dies:
639 1249 728 1318 patet
741 1258 810 1300 ecce
823 1240 1017 1320 sepulcrum,

156 1330 302 1394 Deseruit
314 1352 438 1395 vacuum
452 1331 529 1393 ricta
541 1332 626 1408 quod
634 1337 733 1391 morte
744 1351 915 1413 resurgens.

196 1425 310 1486 Taliter
322 1425 452 1486 excelsus
460 1426 540 1504 iusso
552 1443 691 1484 sermone
703 1422 859 1499 minister,

113 1569 118 1574 .
155 1516 318 1598 Sparsurus
331 1517 444 1576 mundo
456 1516 554 1577 vitalis
566 1518 646 1576 dona
656 1515 819 1596 triumphi,

155 1607 219 1669 Has
230 1609 365 1688 primum
376 1610 506 1691 gaudere
519 1609 617 1684 dedit,
631 1607 769 1687 luctuque
783 1608 905 1672 levarit.

153 1698 241 1759 lbeut
254 1700 413 1781 impavidae
425 1700 495 1761 laeto
505 1703 567 1782 jam
583 1713 703 1782 pectore
718 1713 845 1784 matres,

154 1789 287 1854 Credula
299 1801 451 1875 conceptae
464 1807 613 1856 servantes
627 1796 718 1856 corde
727 1793 830 1869 saluti,

16 1866 20 1874 ¹
79 1927 81 1932 .
155 1883 236 1946 Cum
249 1887 385 1949 medium
396 1891 460 1947 sese
476 1885 612 1948 Christus
622 1887 823 1969 gradientibus
835 1885 954 1968 offert,
1049 1897 1050 1905 ’

89 2031 91 2036 .
153 1976 341 2062 Agnoscique
351 1980 450 2060 jubet,
463 1979 575 2041 blando
586 1991 616 2040 et
628 1999 767 2040 sermone
779 1979 896 2042 salutet.

153 2069 218 2148 lte,
233 2075 289 2150 ait,
303 2087 332 2134 et
345 2073 455 2144 nostris
466 2072 529 2134 haeo
540 2075 601 2154 jam
615 2073 753 2154 mundate
766 2072 875 2134 referte

152 2163 337 2246 Discip‘ulis,
352 2168 454 2227 norint
465 2179 498 2226 ot
508 2165 664 2228 surrexisse
678 2166 861 2248 magistrum.

51 2337 53 2340 Ι
152 2257 216 2319 lllae
227 2257 390 2339 complexis
402 2259 531 2342 defigunt
545 2257 643 2320 oscula
656 2258 785 2341 plantis,

151 2349 251 2428 Atque
263 2353 301 2421 sd
313 2351 475 2432 discipulos
488 2351 578 2414 alacri
589 2371 659 2412 cum
673 2365 773 2412 mente
785 2367 966 2429 recurrunt,

151 2440 360 2520 Doctoresque
374 2442 496 2516 docent,
510 2457 539 2504 et
549 2465 614 2522 quse
626 2447 792 2527 spargende
802 2465 858 2527 per
869 2447 984 2509 orbem

152 2530 291 2592 Primum
303 2532 442 2594 femineis
455 2534 591 2603 instructi
601 2537 714 2600 discere
725 2539 839 2613 verbis,

150 2625 323 2708 Agnoscunt
332 2626 465 2688 enimam
478 2628 679 2709 potiusquam
692 2631 791 2692 virere
804 2651 921 2694 sexum.

194 2715 376 2782 Communis
386 2719 480 2788 virtus
488 2719 594 2802 igitur,
608 2742 769 2786 commune
781 2723 936 2803 periclum
1043 2745 1044 2751 ¹

151 2809 301 2894 lintribus
313 2824 400 2890 atque
415 2812 501 2890 viris,
514 2813 596 2874 nulla
608 2827 651 2878 est
664 2816 800 2877 distentia
811 2815 934 2892 cordis,
1042 2883 1043 2893 χ

151 2901 285 2964 Rectum
295 2901 372 2964 velle
384 2905 500 2981 subest,
514 2907 540 2967 si
552 2908 645 2990 grstia
655 2921 771 2970 constet
781 2908 918 2988 utrisque
931 2953 942 2984 ,

152 2993 213 3056 Cui
226 3009 327 3060 tamen
338 3008 452 3060 attento
464 2999 586 3061 desudet
594 3001 653 3062 vita
664 2999 776 3062 labore.

149 3088 211 3154 Aut
223 3089 294 3175 quid
305 3089 385 3152 done
397 3092 498 3172 juvant
508 3091 682 3170 homiuem,
698 3095 724 3156 si
735 3105 834 3159 mente
845 3091 948 3158 soluta
1040 3131 1041 3175 ,
