2106 3846
15 312 110 395 ,167.
273 324 494 382 CARMEN.
526 331 613 384 ΗΒ.
640 336 659 385 1.
835 325 892 408 237

0 423 4 470 Ι
32 416 114 478 ullus
128 436 197 478 nou
211 427 293 498 egeat
306 435 391 476 sacro
404 417 581 498 baptismate
598 417 730 486 Christi:

0 518 2 561 l
15 511 203 589 nsautesque
216 509 306 570 etiam
320 524 482 592 purgentur
493 513 575 575 fonte
587 512 695 578 lavacri
710 541 717 576 :
866 585 870 594 Ι

0 608 21 657 ΙΙ
32 625 85 664 um
99 602 205 664 nostri
218 604 307 664 decus
318 603 453 677 arbitrii,
467 603 627 686 lumenque
642 621 774 672 creatum
800 651 802 654 -

0 703 16 750 ¹¹
28 697 189 779 rineipio‚
205 697 286 776 quod
298 709 405 778 sponte
417 709 515 776 potest
528 699 662 762 insistere
676 705 763 764 rectis

18 811 22 844 t
36 791 156 852 auserit
170 789 318 860 illaesum3
334 810 391 850 nec
404 790 516 852 virihus
526 791 600 852 absit
612 794 649 853 ab
664 793 740 870 illis,

4 879 88 963 Quas
99 884 257 946 condente
270 881 341 943 Deo
354 881 531 966 generaliter
544 885 642 945 omnis
654 887 685 946 in
694 887 793 950 Adam

4 977 146 1059 Suscepit
157 988 267 1036 natura
279 975 431 1048 hominis,
447 997 503 1038 nec
516 991 653 1058 suppetat
664 979 717 1040 ulli

2 1070 53 1131 De
67 1092 132 1133 uon
147 1082 275 1150 accepta
285 1070 418 1132 arbritrii
430 1069 536 1130 virtute
547 1073 691 1148 querela,

7 1161 87 1225 Cum
100 1166 171 1224 siue
188 1162 303 1224 delectu
316 1183 368 1224 seu
382 1161 462 1236 Lex,
477 1183 529 1224 sen
543 1162 649 1224 Gratia
665 1163 777 1226 Christi

7 1256 147 1318 Omnem
161 1251 330 1316 homiuem*
337 1253 449 1316 salvare
462 1253 533 1314 velit
549 1280 555 1313 =
575 1255 747 1337 donumque
765 1266 896 1326 vocantis

5 1349 57 1412 Sic
70 1347 338 1431 sit'propositum‚
354 1360 384 1406 ut
398 1347 495 1408 nullus
504 1367 566 1408 non
581 1349 674 1429 possit
688 1353 724 1412 ad
740 1353 814 1416 illud

2 1444 164 1506 Libertate
179 1460 252 1514 sua,
266 1441 451 1522 proprioque
462 1441 563 1524 vigore
579 1442 690 1503 venire.
751 1431 752 1436 ¹

5 1537 111 1618 Sitque
122 1536 210 1598 salus
223 1533 317 1616 dignis
331 1533 436 1595 salvari
451 1553 484 1594 ex
496 1531 726 1598 fonte‘volendi.
797 1605 799 1608 ,
862 1575 865 1578 -

5 1631 82 1693 Haec
95 1632 122 1692 si
137 1639 241 1692 vestra
253 1627 345 1702 fides,
360 1639 456 1686 vestra
468 1639 510 1688 est
524 1628 678 1706 doctriua,
693 1636 828 1698 remotis
865 1677 868 1682 -

7 1724 84 1802 Quae
94 1735 207 1786 vestro
220 1717 362 1802 exemplo¹
371 1719 530 1800 rejecimus
541 1763 550 1792 ,
563 1721 663 1782 addite
675 1727 782 1787 sanctis

6 1817 72 1878 Nos
85 1812 253 1900 gregibus,
267 1811 447 1892 tandemque
461 1811 535 1871 honi
549 1813 711 1877 deffendite
723 1831 843 1882 vestras.

45 1908 139 1970 Talia
152 1903 320 1967 submissus
334 1904 358 1966 si
372 1901 479 1964 delleat
487 1903 580 1983 hostis
591 1909 670 1987 apud
683 1922 731 1983 te,

10 2002 97 2084 Quid
108 1998 252 2061 referes?
265 2017 324 2076 quo
338 2009 366 2056 te
380 1996 488 2060 aflectu
502 2011 657 2079 comperta
667 2003 856 2066 movebunt?

13 2093 182 2156 Consultas
195 2133 203 2165 ,
216 2090 367 2169 trepidas,
380 2103 465 2150 nutas
478 2134 487 2166 ,
502 2091 649 2151 cunctaris
662 2105 690 2152 et
701 2093 805 2172 haeres,

13 2188 129 2268 Quove
143 2204 260 2266 anceps
271 2204 303 2244 se
315 2183 482 2265 praecipitet
495 2183 641 2244 sententia
653 2183 756 2246 volvis.

7 2283 164 2364 lnjusturn
179 2290 224 2338 est
236 2277 343 2338 animis
354 2270 483 2359 cognatis
496 2297 557 2336 non
572 2278 642 2338 dare
655 2299 779 2359 pacem,

6 2374 52 2436 Et
67 2393 147 2454 quos
159 2391 221 2433 uua
235 2370 326 2444 fides,
341 2371 445 2432 eadem
457 2369 603 2450 sapientia
615 2371 725 2445 nectit,
823 2429 832 2434 -

9 2468 74 2530 llis
88 2483 290 2530 communem
300 2463 412 2522 aditum
425 2475 595 2524 sanctorum
609 2465 646 2524 ad
659 2477 758 2527 sancta
771 2485 886 2552 negare.

5 2563 31 2623 J
33 2581 151 2645 ungere
166 2559 220 2620 sed
234 2557 328 2619 loedus
340 2577 407 2617 cum
417 2555 545 2630 talibus,
561 2569 589 2616 et
603 2555 714 2618 violare

6 2655 203 2717 Sanctorum
216 2651 336 2712 decreta
347 2646 489 2724 Petrum,
506 2647 681 2732 Regumque
695 2651 816 2730 piorum

4 2747 153 2828 Scriptas
165 2744 233 2826 lege
246 2741 308 2802 Dei
323 2741 400 2824 leges
414 2753 626 2816 contemnere,
642 2741 770 2801 multum

7 2839 139 2901 Hostile
154 2848 219 2911 est,
233 2835 419 2912 nimiumque
433 2836 524 2894 audax
536 2847 565 2893 et
578 2835 791 2914 perniciosum.

49 2932 142 3015 Ergo
156 2928 242 2990 Petri
264 2926 374 2990 solium
388 2925 540 3001 Romam,
556 2939 585 2985 et
600 2924 787 3010 Carthaginis
799 2929 863 2992 altae

7 3023 201 3088 Concilium
215 3032 350 3106 repetant
363 3019 509 3093 humiles,
523 3020 685 3098 eademque
700 3036 842 3101 perorent

9 3120 97 3200 Quae
111 3117 225 3178 irustra
235 3114 284 3177 hic
296 3113 414 3195 trepido
427 3125 494 3174 suut
507 3111 661 3194 deplorata
674 3113 778 3176 favori.

721 3228 755 3264 21
