2102 3846
16 369 47 406 v.
65 345 139 430 137.
227 337 498 416 POEMATUM
524 365 605 418 ΜΒ.
634 367 700 420 111.
856 361 912 434 145

24 452 65 513 At
75 465 109 513 tu
125 473 193 532 quae
206 452 338 533 primam
352 453 469 516 violasti
475 454 588 517 femina
598 457 711 542 legem,

21 545 144 626 Accipe
156 545 330 608 succiduum
342 547 409 606 ritae
417 549 496 626 quud
508 563 598 610 restat
609 552 641 611 in
654 573 760 622 aeruna.

23 636 201 719 Imperium
215 639 330 719 patiere
345 639 422 716 tori,
437 641 654 723 dominumque
668 644 807 722 timebis,

27 727 136 807 Quem
147 732 264 792 socium
276 732 441 793 dederam:
453 735 574 814 parebis
588 737 726 799 subdita'
716 740 819 821 jussis,

27 820 72 882 Et
82 836 205 886 curvata
218 837 308 907 caput
321 811 424 887 libitus
434 847 567 892 assuesce
581 830 689 893 viriles.

28 912 161 994 Moxque
170 917 223 976 ubi
233 937 408 1000 concipiens
421 921 513 981 fetum
522 925 709 1004 praesenserit
719 925 818 1003 alvus,
857 953 867 968 ⁸

25 1006 153 1069 Ventris
166 1030 241 1071 onus
254 1012 368 1094 gemitu
379 1015 549 1091 testaberis,
562 1035 596 1078 ac
608 1018 663 1078 tibi
673 1019 806 1081 clausum
866 1015 867 1022 '

18 1101 121 1162 Anxia
133 1117 317 1166 crescentem
329 1107 491 1186 portabunt
499 1109 611 1170 viscera
622 1109 733 1172 fascem
743 1134 750 1171 ε

23 1193 134 1258 Donec
144 1209 294 1258 trausacto
302 1196 419 1260 fastidia
431 1211 570 1283 tempure
583 1203 740 1284 complens
752 1247 761 1278 ,

21 1286 171 1349 Naturale
180 1289 296 1351 malum
308 1305 394 1372 partu
406 1294 461 1354 sub
474 1294 594 1356 vindice
605 1295 717 1375 pendat

20 1378 201 1444 Producens
209 1384 301 1444 vitam
314 1384 450 1465 proles
427 1406 470 1447 src
482 1407 572 1466 poena
582 1388 723 1468 parentia.

22 1473 111 1552 Quid
123 1477 241 1537 diversa
253 1476 459 1586 loquarpost
448 1498 510 1560 jam
524 1481 698 1542 discrimina
713 1484 837 1546 matris?

21 1566 106 1626 Nam
121 1588 192 1629 cum
204 1569 344 1648 praeduro
355 1558 466 1631 mulier
475 1572 720 1637 confectalabore

22 1657 173 1742 Optatam
187 1662 324 1724 sobolem
336 1661 389 1722 tali
401 1667 579 1744 produxeris
589 1680 695 1743 ortu,

20 1753 155 1838 lugebis
167 1775 277 1816 vacuos
287 1775 502 1836 nonnunquam
516 1761 621 1821 orbata
631 1760 760 1824 dolores.

60 1849 186 1910 Interea
195 1849 397 1934 trepidusjam
410 1851 521 1912 dudum
531 1854 654 1916 sustinet
662 1853 762 1914 Adam

22 1941 110 2022 Quid
122 1943 181 2002 sibi
196 1942 339 2004 terribilis
352 1945 473 2006 tandem
481 1947 627 2008 sententia
638 1958 744 2008 servet.

25 2035 84 2097 Cui
96 2049 202 2117 pater,
216 2036 353 2112 attentis,
368 2037 483 2116 inquit,
498 2059 579 2100 nunc
589 2039 711 2099 auribus
718 2051 748 2098 et
759 2050 791 2096 tu

23 2129 140 2210 Accipe
154 2128 227 2207 quid
240 2149 395 2204 mereare,
406 2129 480 2191 levis
491 2151 583 2209 quem
596 2130 710 2189 femina
719 2129 799 2192 vicit.

22 2220 188 2303 impolluta
197 2221 281 2301 prius
294 2221 419 2301 pulchro
434 2223 489 2282 sub
501 2223 638 2305 germine
648 2222 753 2298 tellus,
795 2284 803 2300 ,

23 2315 53 2373 N
57 2333 97 2373 on
110 2315 174 2396 jam
187 2313 244 2372 fida
256 2314 341 2389 satis,
355 2334 412 2376 nec
425 2336 504 2396 puro
518 2317 633 2378 semine
646 2317 790 2397 simplex,

23 2403 154 2466 Pristim
168 2407 346 2468 monstrabit
361 2421 536 2489 corruptum
550 2423 631 2494 terga
644 2431 700 2493 per
714 2411 837 2480 orbem3

21 2497 289 2581 Fuempboquetno
301 2521 422 2583 semper
434 2502 488 2563 tibi
499 2516 578 2564 terra
588 2505 736 2566 rebellans
756 2557 761 2565 i

24 2593 176 2676 Vepribus
188 2613 223 2655 ac
235 2593 354 2655 tribulis
364 2608 476 2656 armata
489 2597 624 2658 resistere
633 2599 750 2660 discet.-

22 2688 114 2748 Aut'
90 2709 116 2747 si
128 2688 278 2770 frangenti
291 2689 399 2750 cedens
410 2692 583 2753 succumbet
596 2703 713 2764 aratro,

23 2778 165 2842 Vomeris
177 2793 206 2840 ct
219 2781 276 2840 fixo
286 2781 420 2844 mordaci
433 2784 521 2843 dente
535 2782 655 2843 subacta
669 2794 754 2858 est,

20 2875 146 2958 Pinguia
157 2874 309 2955 decipient
321 2874 450 2936 mentito
461 2875 597 2958 germine
606 2875 693 2936 culta.

19 2970 48 3030 N
52 2989 101 3029 am
114 2986 174 3049 pro
186 2967 305 3029 triticeo
318 2966 425 3028 lolium
437 2988 614 3052 consurgere
627 2970 742 3045 fructu,

20 3063 59 3123 Et
70 3063 154 3124 fictas
165 3074 466 3144 segetes‚vacuasque
478 3061 594 3122 dolebis
604 3083 720 3126 arenas.
754 3070 758 3075 '

25 3153 72 3219 Sic
80 3157 129 3220 rix
142 3167 291 3244 extortum
304 3157 578 3240 producentjngera
591 3177 720 3239 panem,

729 3246 774 3306 13.
