2142 3858
160 299 219 363 382
372 304 562 359 sunnonis·
583 267 822 362 urosrouurn
928 295 1028 360 cett

162 399 355 468 Conveniunt
365 397 403 457 ad
416 395 494 458 ovile
506 395 590 477 lupi:
603 397 740 459 custodia
752 409 878 478 peccat,

161 497 244 562 Cum
255 491 359 574 spoliis
371 491 397 551 si
412 501 516 570 raptor
527 502 592 551 eat:
612 489 742 570 pastoris
756 491 864 551 inertis

158 589 280 654 Fraude
290 585 388 668 perit,
402 583 482 662 quod
494 584 595 664 praeto
608 582 707 663 capit,
726 584 822 643 sedet
839 584 1033 646 acriorluostia

160 683 246 746 Intus
263 679 337 753 erit,
350 676 523 760 graviusque
536 675 650 738 malum
664 677 815 738 discordia
828 689 954 757 portat,

163 774 243 855 Quae
258 770 363 834 vulnus
373 768 428 830 sub
440 788 515 850 pace
528 781 626 843 creat,
644 789 702 830 nec
710 769 808 830 cedite
820 769 909 830 dume
1058 749 1059 806 l

161 865 276 929 Virtuti
287 865 431 924 damnosa
443 863 545 940 quies,
560 860 735 941 nullumque
751 876 888 926 coronat

75 963 97 990 '⁸
161 961 198 1024 lu
211 957 305 1020 stadio
315 975 434 1016 securus
446 954 564 1016 honor
579 973 631 1018 sua
640 954 736 1036 gloria
747 954 820 1014 lorti

164 1053 262 1118 Causa
275 1048 386 1110 laboris
398 1046 455 1108 erit
464 1068 628 1126 ,rarusque
641 1049 678 1108 ad
692 1047 822 1128 praemia
836 1049 954 1129 miles,
1058 1001 1059 1146 l

165 1146 225 1211 Cui
242 1161 298 1226 pax
308 1141 372 1203 sola
384 1139 458 1215 luit,
479 1140 603 1202 victoria
613 1161 716 1202 semen
729 1140 767 1200 ab
779 1140 870 1202 leoste

162 1237 301 1320 Accipit,
314 1235 386 1295 hine
399 1233 511 1294 oritur:
533 1231 687 1293 Dominus
700 1233 848 1313 plantaria
864 1249 968 1298 vestra
1058 1217 1059 1294 l

163 1329 342 1394 Fecundare
354 1326 431 1387 valet
438 1325 510 1403 ,qui
524 1343 580 1406 per
594 1345 645 1385 sua
658 1326 737 1384 dona
748 1328 852 1386 venire

164 1418 467 1491 Adsuadonalacit‚
486 1417 830 1508 quodqueadjuvatipse
842 1421 1007 1483 ministrat
1058 1407 1059 1466 3

162 1515 195 1577 N
198 1535 239 1576 on
252 1533 307 1596 ego
320 1511 435 1572 divitias
447 1508 525 1569 llunu
540 1503 660 1571 fallente
679 1511 824 1591 superbas

163 1607 289 1667 Alterua
299 1603 437 1664 mercede
454 1600 528 1678 tuti,
552 1623 609 1665 nec
623 1622 748 1664 munera
758 1606 912 1686 sumpsit,

44 1743 47 1755 .
163 1697 231 1758 Vos
243 1697 343 1779 potius
357 1713 447 1774 quam
460 1706 556 1756 vestra
571 1707 690 1775 petenst
704 1716 753 1756 me
764 1696 869 1772 scitis,
885 1712 920 1759 nt
938 1700 1002 1761 ista

168 1790 249 1855 Cum
261 1789 350 1852 sociis
371 1797 480 1869 pavere
493 1807 619 1862 manus,
641 1789 815 1863 assuescite,
829 1809 921 1872 gazas

167 1885 205 1946 lo
218 1883 293 1945 lueis
302 1881 440 1964 prolerre
456 1882 532 1954 vias,
547 1894 748 1962 opertumque
761 1880 863 1943 locare

161 1977 336 2060 ,tuscanens
348 1975 379 2034 in
391 1975 461 2035 sede
475 1973 554 2054 poli;
573 1973 617 2034 nil
630 1974 769 2054 proderit
781 1993 895 2036 aurum

168 2070 220 2131 De
233 2067 319 2129 fossis
332 2067 467 2146 quaesisse
480 2065 573 2140 loeis,
592 2065 617 2126 si
632 2066 747 2128 claudat
760 2085 867 2127 avarus
1058 2101 1059 2108 ι

170 2161 265 2242 Quod
277 2159 398 2221 caelahat
408 2158 531 2235 humus,
546 2161 626 2238 quod
638 2180 700 2219 non
714 2160 745 2220 in
755 2177 894 2242 paupere
908 2162 1019 2246 surgit,
1058 2185 1059 2196 ¹

136 2288 140 2293 ’
167 2256 204 2316 Ιιι
215 2252 321 2313 tellure
333 2253 425 2332 jacet,
439 2271 574 2332 coccoque
589 2251 750 2314 revolvitur
762 2263 847 2313 antro

144 2375 151 2386 e
170 2344 308 2407 Obscura
319 2354 462 2420 peccante
475 2363 581 2416 manu3
598 2343 689 2406 laxate
704 2344 842 2426 supernis

170 2437 274 2500 Corda
284 2453 394 2515 precor
407 2437 551 2512 monitis,
563 2457 660 2517 neque
672 2450 790 2519 respuat
803 2436 886 2500 ullus
899 2459 1002 2524 egeno

169 2531 264 2596 Tecta
275 2545 381 2610 parare
394 2529 490 2610 gregi,
503 2529 534 2590 in
548 2551 608 2611 quo
618 2531 740 2612 suscipit
751 2531 872 2612 hospite
887 2530 1059 2594 Christum}

170 2626 225 2689 ,sic
235 2634 392 2706 postquam
406 2619 482 2682 latus
495 2623 577 2684 dedit
588 2625 705 2698 oscula,
719 2637 782 2694 tum
794 2624 891 2686 simul
901 2645 999 2688 orans

172 2719 271 2782 Flexit
283 2716 316 2777 in
329 2733 400 2778 arva
408 2733 500 2798 genu,
512 2716 664 2796 strictique
677 2714 832 2778 doloribus
845 2735 961 2781 omnes

171 2816 222 2874 At
235 2813 381 2893 lacrymas
394 2807 504 2871 fluxere
519 2810 601 2891 pias,
615 2809 762 2894 longeque
775 2828 832 2890 per
843 2811 947 2872 undas

173 2900 291 2964 Olitutu
301 2902 462 2965 comitante
473 2904 557 2984 sequi
567 2923 706 2966 meruere
719 2901 862 2964 carinam.

172 2996 316 3072 Dumque
328 3013 385 3074 per
397 2997 550 3076 oppositas
562 2996 720 3058 extendunt
732 2995 848 3055 lumina
859 2996 982 3070 nubes,

173 3086 302 3162 Additur
314 3085 345 3146 iu
359 3087 659 3168 petasunculum,
674 3101 816 3169 raptaque
830 3085 939 3150 flabris
1058 3149 1059 3152 ,
