2142 3858
10 343 166 420 v.465..
303 349 370 406 un
403 353 515 408 uso
548 353 643 410 stu
673 352 698 407 1.
860 349 920 426 tat

12 447 284 531 simplicitasque
298 451 400 526 cadat,
413 451 462 512 rei
472 450 592 514 actua
604 454 824 516 intactarum

10 541 197 604 incurrant
211 561 274 602 nou
284 541 389 604 fraude
403 565 456 606 sua
465 587 476 620 ‚
486 546 539 606 sed
552 545 635 608 clade
646 549 798 630 perenni:

55 634 183 695 Fortia
194 635 287 695 corda
299 635 355 696 oiri
366 655 431 698 nou
442 640 633 723 expugnanda
642 661 700 721 per
710 661 837 726 anguem
918 694 921 706 .

11 726 197 788 Praesensit
210 728 330 808 pietatis
340 730 428 812 inops
436 774 450 807 ,.
458 745 491 792 et
500 733 638 818 conjugis
645 753 735 797 aures

13 820 601 904 Afflreditursubvncepia‚sermone
612 825 745 910 maligno
818 824 821 829 ’

11 913 203 976 insidiosus
213 915 276 974 adit
292 915 365 976 heu!
379 918 483 980 mollia
495 919 585 981 eorda
597 920 725 1001 puelle,

12 1005 147 1092 Ingerit
159 1028 219 1068 ore
227 1009 315 1070 cibos
327 1011 442 1071 crudeli
456 1011 560 1072 sunere
574 1013 692 1094 plenos.

15 1101 78 1162 His
92 1100 204 1162 semel
216 1103 372 1182 assumptis
383 1117 552 1164 reserantur
563 1105 678 1166 ininius
691 1107 807 1182 cordis,

14 1195 62 1256 Ac
76 1193 241 1275 permixta
253 1195 340 1256 bonis
354 1197 448 1275 patuit
460 1198 600 1258 doctrina
611 1197 773 1258 maiorum.

16 1285 177 1349 Poenituit
191 1287 321 1371 nescisse
329 1289 436 1368 dapes,
452 1302 481 1348 et
492 1290 606 1349 damno
615 1301 759 1369 putentur

14 1377 199 1460 Temporis
212 1392 310 1440 oracta
320 1381 414 1460 spatia
428 1404 436 1440 ε
449 1383 616 1462 procedere
628 1384 714 1464 pejus

16 1472 145 1533 Ausum
161 1472 278 1552 quippe
290 1472 382 1534 nefas.
397 1471 508 1534 Tentat
518 1475 638 1536 seducta
650 1475 792 1536 maritum
804 1515 815 1552 ‚

17 1563 59 1624 Et
71 1566 165 1646 capit
180 1565 330 1626 insontem
342 1568 402 1648 jam
416 1568 506 1628 noxia
518 1568 632 1629 femina
645 1568 766 1630 victum.

18 1656 253 1719 Circumventa
265 1659 362 1738 perit,
375 1661 427 1720 sed
438 1659 663 1742 cirumscripta
678 1660 802 1735 fefellit,

18 1750 95 1813 Nec
112 1751 365 1831 circumscriptor
375 1773 499 1832 serpeus
511 1754 636 1834 impune
649 1754 825 1835 triumphat.

16 1843 50 1904 N
57 1866 113 1906 am
128 1856 294 1926 postquam
304 1845 420 1925 juveris
433 1845 542 1906 violata
557 1859 656 1906 mente
670 1846 805 1907 comedit

19 1937 194 1998 Funereos
207 1938 270 1997 sine
283 1937 348 2020 lege
362 1939 445 1998 cibos
458 1938 490 1998 iu
502 1952 600 1998 morte
614 1938 750 2012 futurus,

19 2029 102 2090 Mox
115 2028 199 2110 sapit
212 2029 314 2090 infelix
326 2073 336 2104 ,
348 2031 421 2109 quid
432 2049 577 2111 pravum,
590 2030 663 2108 qnid
674 2030 712 2088 sit
723 2029 899 2106 honesturn:

22 2122 167 2207 Cognita
179 2122 371 2202 simplicitas,
386 2125 437 2184 sed
450 2141 520 2183 mor
530 2135 574 2184 est
587 2123 678 2184 corde
688 2121 795 2203 iugata.

20 2215 177 2277 Membra
185 2216 323 2294 pudenda
334 2230 417 2296 putat
428 2229 545 2296 partem
556 2259 565 2290 ‚
578 2234 643 2294 qoae
654 2227 698 2275 est
710 2213 804 2294 prolis
816 2211 921 2297 origo,

18 2307 64 2368 Et
77 2328 143 2389 qua
157 2307 269 2366 ventris
281 2321 345 2367 erat
356 2308 500 2390 digestio,
512 2309 610 2388 turpis
621 2307 759 2367 habetur.

22 2400 191 2462 Omnibus
202 2418 236 2460 ex
248 2401 393 2461 membris
406 2420 475 2480 pars
489 2400 630 2460 mundior
644 2399 696 2460 itta
706 2411 846 2480 putatur,

21 2493 135 2556 Noxia
149 2492 213 2554 sola
227 2494 320 2576 magis
331 2493 427 2554 suerat
440 2513 505 2572 quae
516 2493 549 2551 iu
563 2512 692 2572 corpore
705 2505 786 2568 toto,

24 2587 75 2649 Os
92 2632 105 2663 ,
130 2587 227 2648 aditus
240 2587 364 2661 mortis,
383 2605 474 2665 quam
487 2583 632 2665 protulit,
653 2597 741 2664 atque
756 2584 888 2665 recepit,

22 2681 149 2764 Lingua
161 2683 249 2740 suada
263 2681 334 2742 maii
348 2704 355 2740 ε
367 2680 419 2740 sed
433 2691 462 2739 et
475 2697 561 2740 aures
575 2678 682 2738 limina
696 2678 812 2740 mortis.

26 2773 162 2834 Viderat
176 2770 398 2854 Omnipotens,
413 2772 552 2832 homines
565 2771 703 2834 didicisse
716 2769 889 2849 pudorem,
921 2841 925 2845 Ι

23 2866 229 2928 Perdiderunt
241 2884 332 2946 quem
344 2866 447 2928 fraude
462 2865 555 2935 truci,
569 2864 754 2945 dapibusque
768 2862 916 2947 comesis,

24 2955 182 3020 Errantes
194 2979 249 3040 per
261 2972 346 3041 prate
359 2980 446 3035 reos,
461 2958 600 3037 foliisque
613 2968 745 3040 tegentes

25 3051 195 3116 Fecundos
208 3066 286 3114 aruis
300 3077 307 3113 :
321 3055 393 3115 dant
403 3053 505 3134 agnita
517 3051 656 3112 membra
670 3061 798 3110 reatum.

25 3144 178 3208 illicitum
195 3145 238 3206 ias
250 3159 319 3210 aute
332 3160 437 3229 putant
448 3146 645 3224 ‚licitumque
658 3143 795 3223 profecto
