2172 3862
32 373 159 462 ·v.s86.
259 387 596 443 nnnnoxntu.
630 391 707 460 1,11.
773 447 820 462 ‚¹
867 381 931 464 423
986 409 990 417 -

42 477 90 542 Ni
103 479 241 543 sobolem
253 483 482 566 genitornimiae
494 485 612 566 pietatis
623 484 767 549 baberet=
863 482 866 491 “

42 573 173 636 Foedere
181 581 312 655 namque
324 597 392 638 reus
404 577 667 660 puniturcrimiue
680 590 797 640 sancto.
858 622 860 626 .

42 669 116 730 Nec
128 689 215 744 reor,
229 689 292 731 esse
305 671 389 732 nefas
406 669 504 732 Persis
516 669 653 734 occidere
667 684 767 753 patres
782 715 791 747 ,
848 697 850 708 ’

45 761 138 843 Quos
145 783 198 823 sua
209 764 274 844 jura
286 764 417 843 probant
424 764 562 826 thalamis
574 765 739 828 adsciscere
753 777 875 828 matres.

84 852 357 918 A'ranilenorum
369 857 483 942 libycas
497 858 630 939 possedit
643 877 748 923 arenas
762 903 773 944 ,

41 949 152 1010 Portio
163 944 279 1010 'telluris
289 948 415 1012 fratrum
428 971 569 1014 concessa
577 951 675 1015 furori
690 997 700 1028 ,

43 1042 128 1104 Solis
139 1044 241 1104 adusta
254 1044 346 1122 rotis,
357 1045 451 1128 nigris
464 1030 574 1108 insecti
586 1047 710 1118 venenis
726 1090 736 1122 ,

42 1135 168 1220 Ignibus
180 1136 332 1215 aethereis,
347 1137 452 1222 gelidis
465 1139 585 1200 obsessa
597 1141 738 1216 cerastis,

43 1233 129 1291 luter
141 1238 316 1312 serpentum
328 1231 457 1316 glacies,
471 1245 559 1312 atque
570 1233 648 1294 aeris
656 1245 742 1320 ¹aestus

42 1324 167 1408 Ignorat
180 1337 296 1389 mutare
306 1325 386 1388 vices
398 1345 454 1409 per
467 1337 608 1407 tempora
618 1321 727 1403 tellus,
815 1371 825 1380 -

47 1417 220 1481 Puniceum
233 1417 368 1486 retinens
381 1419 494 1503 ingenti
507 1419 569 1482 sole
583 1421 738 1496 ruborem.

43 1512 113 1574 lllic
123 1513 219 1574 securi
232 1514 398 1592 spatiantur
411 1514 520 1595 ubique
534 1513 668 1598 chelydri
682 1558 691 1591 ‚

43 1605 194 1667 Defendit
206 1627 281 1687 quos
293 1605 416 1670 flamma
428 1628 541 1670 nocens
553 1653 562 1686 ,
572 1628 648 1688 quos
661 1621 741 1670 terra
753 1618 872 1690 perusta

43 1698 106 1760 Tot
120 1701 327 1775 desertorum,
341 1722 470 1783 quorum
482 1702 537 1764 sub
549 1704 615 1784 jure
629 1713 777 1764 tenentur.

45 1793 133 1873 Quid
145 1793 276 1856 lacerent
287 1793 393 1856 fratres
403 1838 413 1870 ,
425 1796 449 1856 si
463 1794 557 1856 florea
567 1815 637 1856 rura
649 1786 809 1876 petissept,

45 1885 81 1948 Si
93 1887 180 1950 tellus
190 1887 319 1958 secunda
332 1888 410 1948 foret
422 1888 619 1954 nimisubere
631 1887 750 1970 glebae?
825 1959 827 1966 χ
842 1890 844 1894 ’

45 1986 107 2046 Aut
118 1983 142 2044 si
153 1982 283 2064 vipereis
297 2001 360 2043 non
376 1993 452 2042 esset
463 1979 554 2042 noxia
564 1979 653 2040 tellus

45 2077 201 2153 Flatibus,
215 2089 245 2136 et
255 2075 351 2136 nullas
362 2074 539 2140 mandarent
552 2071 639 2134 sibila
653 2083 766 2134 mortes
775 2073 793 2134 l

44 2171 160 2233 Nonne
173 2163 366 2252 pererrantes
373 2169 480 2244 issent,
493 2186 552 2247 qua
565 2165 723 2228 flammeus
736 2165 818 2243 axis,
834 2247 837 2252 Ι
880 2235 888 2245 „
912 2205 914 2212 ·

31 2264 186 2326 ‘Extendit
197 2282 255 2345 qua
267 2282 343 2324 zona
356 2262 444 2344 polos
455 2259 621 2322 rubicunda
635 2258 758 2336 colore,
817 2283 819 2288 ·

46 2359 109 2420 Aut
120 2357 230 2419 bicinis
241 2355 350 2440 glacies
359 2369 472 2418 aeterno
482 2355 594 2440 frigore
606 2355 697 2418 tristis

47 2449 180 2534 Semper
194 2449 359 2512 anhelantis
369 2462 470 2538 ,torpet
483 2450 585 2532 ignara
597 2447 735 2529 vaporis?

46 2546 124 2607 Haec
136 2543 221 2627 plaga
231 2563 390 2626 germanos
401 2563 556 2623 nunquam
570 2542 746 2624 prohiberet
757 2549 880 2615 euntes,

44 2639 159 2700 Limite
172 2639 224 2699 sed
238 2635 336 2719 posito
350 2636 451 2698 niveas
463 2655 603 2700 mensura
614 2635 738 2718 pruinas

45 2733 211 2808 finderet,
228 2743 257 2791 et
266 2730 411 2814 scythicas
422 2731 566 2793 retineret
579 2743 671 2792 tracta
685 2727 818 2811 paludes.

88 2825 169 2906 Quae
182 2813 326 2888 romanus
336 2843 423 2884 amor
434 2837 534 2906 patres
546 2823 676 2905 implere
689 2821 803 2905 coegit,

45 2920 178 2995 Dicere,
191 2919 216 2978 si
227 2907 344 2982 valearn
355 2961 364 2996 ,
377 2937 450 2978 vero
461 2937 602 2978 sermone
613 2915 763 2999 probabo.

46 3014 180 3097 Optima
192 3033 263 3074 nam
275 3013 380 3074 vindex
393 3010 547 3098 exempla,
563 3031 597 3074 ac
610 3009 740 3091 pessima
751 3007 882 3085 Brutus,
940 3036 942 3042 ¹

48 3108 192 3183 Horror,
207 3120 352 3188 amorque
363 3126 476 3182 novus,
491 3106 563 3169 ciris
575 3106 660 3187 pius,
675 3103 787 3186 impius
799 3115 922 3181 auctor,

45 3202 125 3266 June
137 3213 224 3286 pater
235 3200 357 3285 patriae,
372 3200 466 3280 natis,
481 3213 511 3262 et
524 3200 644 3285 regibus
657 3197 768 3274 bostis,
