2126 3848
137 283 196 366 288
393 295 427 344 u.
462 293 759 350 enososnr

179 389 433 471 Respondentque
444 388 505 450 suis
516 388 653 471 germina
665 387 844 470 principiis:
895 371 900 392 ⁸
1056 465 1058 468 Ι

136 485 177 546 Et
187 485 268 566 quod
282 482 405 566 quisque
417 482 552 558 bonum,
567 482 624 542 sibi
638 495 778 564 tempore
789 482 874 544 duxit
886 482 919 543 iu
932 484 1003 556 isto,

179 576 251 639 Hoc
261 576 372 637 summi
385 576 460 660 regis
471 576 583 656 judicio
594 576 702 657 capiet.

123 671 298 757 ‘Angelicos
312 671 409 745 cives,
424 682 453 731 et
468 667 583 731 Christi
596 670 628 728 iu
639 669 778 730 membra
789 682 914 732 renatos

70 811 76 818 .
177 765 208 825 N
212 786 252 826 on
266 763 361 824 trahat
371 765 408 824 ad
420 776 552 825 veterem
563 763 661 825 carnis
674 763 760 846 origo
772 764 947 825 bominem:

138 857 236 920 Multa
249 859 372 936 quidem
386 857 416 916 in
428 871 548 918 nostros
561 856 642 918 bona
654 857 783 918 muudus
791 872 939 939 procreat
952 879 1024 932 usus,

181 950 222 1012 Et
233 952 326 1032 pleno
339 950 425 1012 tellus
438 953 529 1013 servit
542 951 647 1033 opima
658 951 734 1012 sinu.

140 1046 202 1110 Sed
212 1059 299 1106 terrae
313 1045 482 1126 hospitibus
496 1044 562 1108 coeli
574 1066 664 1127 super
676 1057 754 1106 astra
766 1047 896 1108 vocatis.

180 1139 309 1201 Virtutis
322 1138 422 1220 palma
436 1152 478 1200 est
490 1159 633 1220 spernere
646 1137 757 1199 blanda
769 1138 849 1215 soli,

140 1236 182 1298 Et
193 1236 237 1298 sic
248 1235 402 1316 presentis
413 1234 544 1316 spatium
557 1252 734 1314 percurrere
746 1232 835 1308 vitre,

183 1330 253 1411 lpsa
264 1329 428 1411 peregrinis
441 1348 479 1388 ne
493 1329 541 1388 via
553 1329 591 1386 sit
604 1326 735 1405 iaqueus;

142 1425 225 1490 Nam
240 1425 423 1486 declinantes
436 1442 493 1502 pro
506 1422 633 1482 summis
645 1420 724 1482 ferre
737 1419 904 1498 laborem,

182 1512 391 1579 'Perreuornm
404 1517 507 1578 avidos
522 1515 627 1576 infima
639 1515 812 1596 suscipient.

351 1677 353 1682 ,
520 1607 661 1668 LXlll.

118 1717 122 1725 “
144 1705 238 1768 Nulla
249 1706 373 1784 quidem
387 1724 474 1782 mens
486 1716 529 1762 est
541 1702 662 1760 mortali
674 1701 704 1760 iu
719 1698 851 1782 corpore
864 1703 991 1776 vivens,

186 1799 265 1878 Quae
279 1797 368 1878 plena
379 1798 478 1864 uideat
490 1795 662 1877 cognitione
676 1794 796 1870 Deum,

89 1949 92 1960 .
134 1893 207 1969 ,Sed
220 1894 305 1953 miris
317 1911 443 1972 operum
457 1890 547 1972 signis
561 1890 725 1950 ostenditur
738 1901 854 1962 aneton

186 1988 411 2065 Rectoremque
421 1987 508 2044 sunm
522 1985 644 2046 condita
657 2004 780 2063 quaeque
791 1997 930 2049 canente

147 2081 240 2144 Unde
255 2081 325 2143 licet
338 2080 419 2140 fandi
433 2079 529 2151 vires,
544 2078 698 2156 animique
713 2079 848 2160 vigorem

187 2174 319 2249 Vincat,
334 2188 364 2236 et
378 2174 498 2235 excedat
508 2169 604 2253 gioria
618 2171 739 2248 lausque
751 2171 826 2245 Dei,

146 2267 215 2331 Nos
226 2282 328 2328 tamen
342 2267 443 2328 officio
458 2266 556 2327 cordis
568 2266 748 2348 gaudemus,
763 2277 793 2325 et
804 2266 889 2343 oris,

188 2360 230 2421 Et
245 2373 328 2420 tauto
342 2359 471 2420 obiectat
482 2360 671 2422 succubuisse
685 2361 783 2420 bono:

152 2454 236 2516 Hinc
250 2452 321 2513 fidei
333 2452 443 2526 virtus,
456 2452 527 2514 binc
540 2452 663 2514 flamma
678 2454 792 2514 oriatur
802 2455 941 2532 amoris,

192 2547 286 2628 Quod
300 2544 371 2606 latet
387 2560 522 2624 exercet,
537 2549 620 2627 quud
632 2547 753 2629 superat
766 2562 900 2629 reparet.

528 2640 614 2706 th
625 2641 663 2704 V.

151 2735 287 2798 Lethiser
299 2734 466 2818 immodico
481 2736 594 2796 naturae
605 2737 697 2799 elatus
711 2738 828 2798 honore

193 2832 344 2914 Angelus,
357 2833 435 2892 uude
449 2833 606 2892 homiuem
618 2831 837 2907 subruit,'inde
851 2833 916 2893 ruit
932 2856 941 2906 ;

154 2925 216 2987 Sed
230 2923 365 2987 Christus
379 2927 525 2988 miserans
538 2928 697 3009 deceptum
710 2925 812 2986 fraude
824 2925 977 3010 maligui,

194 3019 230 3080 ln
242 3041 291 3095 se,
306 3018 350 3078 ilii
365 3022 402 3080 ad
415 3022 507 3082 vitam
521 3041 608 3106 posse
623 3022 722 3084 redire
736 3019 837 3094 dedit,

156 3113 188 3176 Si
202 3127 303 3178 caveat
314 3115 408 3196 pactis
418 3116 511 3176 hostis
522 3116 634 3179 servire
647 3113 790 3196 superbi,
