2102 3846
173 369 231 446 148
403 379 813 458 sinuosum
938 391 1038 452 unq.

169 473 272 538 Uvida
284 473 448 553 quinetiam
460 474 625 536 miscebant
638 472 778 534 cinnama
791 472 871 536 thuri
884 517 894 550 ‚

171 567 210 628 Et
221 567 317 628 suffita
331 567 437 628 domus
447 568 550 651 pingui
562 566 709 650 fragrabat
721 585 856 627 amomo.

121 739 132 749 .
170 659 264 740 Quod
285 660 425 744 pelagus,
439 662 520 740 qood
534 673 614 721 terra
637 671 735 735 creat,
761 660 842 740 quod
855 659 982 735 llumiua
999 662 1036 744 gi-

331 767 444 837 gaunt,

171 845 319 940 Certqtim
334 847 449 921 mensis
461 847 636 909 cedentibus
648 845 781 924 undique
796 845 888 908 lassus

169 937 313 1004 Portabat
323 939 439 1021 pallens
450 943 514 1001 auri
530 962 601 1003 cum
613 939 692 1002 fasce
702 939 847 1001 minister.
1023 1002 1026 1011 ,

168 1030 340 1118 Languidus
354 1047 422 1095 ante
434 1034 515 1095 sores
529 1054 644 1115 pauper
652 1046 724 1095 tune
737 1031 815 1093 torte
827 1034 946 1114 jacebat
973 1033 976 1040 ’

167 1125 281 1190 Divitis
291 1172 300 1204 ‚
310 1127 463 1192 obstrictis
475 1129 606 1188 resoluto
619 1147 748 1207 corpore
761 1127 925 1203 membris,

168 1219 212 1281 Et
224 1221 350 1303 supplex
359 1222 503 1308 poscebat
516 1240 626 1301 opem,
641 1239 704 1279 non
718 1237 843 1280 munera
854 1232 994 1301 captans,

171 1313 339 1394 Relliqnias
352 1327 467 1374 tantum
479 1314 531 1374 sed
544 1315 568 1372 si
582 1332 654 1391 quas
667 1313 755 1392 copia
767 1312 858 1392 jecit,

170 1405 236 1468 Has
249 1420 320 1468 tune
331 1406 495 1486 opperiens
506 1406 587 1466 alvus
599 1407 698 1486 jejuna
711 1406 842 1487 rogabat.

169 1497 230 1559 Sed
239 1499 437 1579 proclamanti
447 1499 529 1560 dives
542 1518 603 1558 non
615 1497 729 1557 addidit
739 1517 863 1574 aurem,

167 1590 321 1672 Nullaque
332 1591 523 1676 languentem
537 1595 633 1672 pietas
644 1591 772 1671 respexit
785 1611 927 1672 egenum.

168 1685 239 1746 Nee
252 1706 317 1766 quae
331 1685 490 1767 completis
504 1685 639 1746 cecidere
648 1681 798 1764 superflua
811 1683 944 1760 mensis,

168 1775 314 1860 Pauperis
327 1780 364 1838 ad
375 1779 487 1841 victum
498 1777 656 1856 quisquam
667 1776 766 1848 dedit;
781 1777 910 1857 iusuper
923 1778 989 1861 aegri
1043 1819 1044 1830 r

167 1869 344 1953 Despicitur
356 1871 464 1946 saties,
488 1882 517 1931 et
530 1874 627 1950 putria
637 1868 768 1930 vulneris
782 1869 919 1931 horrent.

170 1962 309 2044 Cumque
322 1986 412 2027 canes
421 1964 491 2023 miti
505 1963 696 2044 perlambant
705 1962 805 2024 ulcera
819 1963 943 2046 lingua,
1042 2013 1043 2016 η

155 2047 318 2120 'Blandior
331 2072 360 2119 et
371 2059 449 2120 sesso
462 2058 562 2118 feritas
576 2055 763 2118 medicabilis
772 2057 866 2130 adsit,
881 2053 887 2057 ’

169 2149 243 2212 Sola
252 2151 412 2212 homiuum
426 2151 521 2211 nescit
533 2169 619 2210 mens
629 2169 752 2230 semper
765 2150 837 2209 dura
845 2150 977 2212 moveri.
1041 2183 1042 2247 q

169 2243 245 2306 Haec
256 2245 308 2304 sed
320 2244 435 2304 diversa
448 2243 566 2324 penitus
578 2243 650 2300 dum
664 2255 744 2302 sorte
756 2256 923 2325 geruntur,
1002 2263 1007 2278 ·

167 2333 911 2422 liupeudeusobituspariterpulsavitutrumque‚
948 2331 951 2336 ¹
1040 2373 1041 2419 q

135 2433 138 2438 “
167 2427 272 2491 Divite
285 2441 455 2507 praevento,
469 2449 623 2508 nunquam
636 2429 689 2507 qui
701 2428 827 2490 credidit
839 2429 929 2491 istud.

170 2519 291 2603 Pauper
304 2523 342 2580 ad
356 2533 488 2602 optatam
502 2521 593 2604 longo
607 2522 653 2582 vix
666 2534 805 2602 tempore
818 2535 952 2583 mortem

169 2613 245 2674 Post
258 2614 356 2688 venit,
371 2626 400 2674 et
412 2615 509 2674 vietor
519 2615 643 2674 morbos
656 2627 794 2692 artusque
808 2614 961 2696 relinquit.

169 2706 225 2768 Ille
237 2707 360 2788 quidem
374 2752 383 2782 ‚
399 2707 476 2769 celsa
489 2706 540 2787 qui
549 2707 662 2766 dudum
676 2705 777 2766 floruit
789 2725 877 2783 arce,
1038 2695 1039 2700 ἵ

169 2799 306 2861 Fletibus
318 2805 355 2862 ad
364 2801 512 2861 tumulum
525 2800 635 2881 stipato
643 2800 748 2859 funere
761 2798 875 2876 fertur,

169 2891 343 2974 Auratoque
357 2896 442 2954 datur
455 2894 593 2956 conditus
606 2893 744 2954 membra
758 2893 935 2975 sepulchro,

41 2977 61 3028 ἶ
169 2983 211 3046 Et
224 2987 355 3069 pretiosa
368 2999 470 3069 tegunt
482 2988 592 3048 elatum
606 2986 698 3047 lintea
712 3006 857 3047 marmor.

172 3076 302 3160 Spiritus
314 3080 448 3142 abstruso
461 3081 512 3143 sed
521 3101 591 3142 mox
601 3081 746 3141 demissus
756 3100 886 3159 averno,

170 3168 280 3234 Incidit
294 3187 418 3237 aeteruas
429 3196 485 3256 per
497 3195 570 3236 saera
582 3173 721 3236 incendia
732 3193 845 3254 poenas.
