2142 3858
8 301 137 365 ΗΒΕ.
258 313 325 364 DE
358 301 465 366 nn'o
498 314 599 368 ΗΒ.
632 315 652 367 L
845 305 904 390 419

8 407 118 484 instar
129 406 243 467 montis
253 407 366 469 habens
378 408 490 479 incedit
503 410 598 471 bestia
610 409 702 470 mole.

8 499 182 560 Promitur
195 499 295 583 anguis
306 501 408 576 hians,
419 503 557 581 ¹quatiens
569 503 623 563 sub
635 504 725 563 dente
735 519 884 570 venenum
896 544 905 576 ‚

8 590 51 652 Et
63 591 230 653 maculosa
242 593 321 672 repit
331 595 463 672 squamis
473 616 528 676 per
538 595 650 656 viscera
660 612 804 676 serpens,
841 635 844 642 .

8 685 87 746 Atra
101 705 227 747 venena*
236 706 347 748 nocens
357 688 483 748 missura
494 707 510 748 ε
522 687 639 750 flatibus
652 688 734 762 oris,
759 691 761 698 ’
858 711 860 716 ‘

10 777 49 840 Et
62 777 177 842 subito
189 797 326 858 sparsura
333 799 435 862 graues
444 795 500 861 per
508 781 596 843 sibila
608 794 721 843 mortes
733 824 744 858 ,

8 873 118 952 Atque
133 871 241 932 eadem
253 873 398 934 membris
411 875 599 954 impertitura
612 875 754 941 medelas.

8 964 73 1026 seu
88 985 136 1024 ne
151 961 254 1026 cun‘cta
266 965 356 1026 simul
368 968 479 1047 passim
492 979 548 1049 per
560 982 666 1032 cuneta
678 969 821 1041 fuissent,

8 1057 186 1120 Distribuit
197 1057 264 1120 loca
274 1071 354 1120 certa
366 1057 471 1134 Deus,
486 1073 515 1120 et
525 1073 664 1142 tempora
675 1061 745 1122 trit.

8 1151 177 1234 Tempore
190 1172 254 1212 non
265 1173 326 1214 nno
338 1153 481 1228 veniunt,
495 1164 560 1232 q'uae'
571 1171 647 1228 saeva
655 1167 809 1216 vocantur.

12 1245 86 1308 Nou
100 1265 230 1327 semper
239 1259 342 1308 movet
351 1263 435 1306 arma
447 1245 515 1318 teo,
529 1265 587 1308 nec
596 1247 733 1326 scorpius
744 1246 822 1307 ictus
947 1309 950 1316 Α

13 1337 152 1422 Semper
162 1339 268 1415 habet,
283 1361 341 1402 nec
351 1359 472 1420 semper
482 1340 541 1424 agit
551 1339 615 1400 iera
623 1335 728 1420 vipera
740 1361 868 1418 morsus,

13 1431 81 1494 Nec
94 1453 223 1512 semper
234 1432 343 1494 tollunt
355 1435 393 1494 ad
407 1432 529 1494 vttlnera
541 1431 619 1495 colla
629 1446 749 1494 cerastae
761 1479 771 1510 ‚

13 1523 80 1587 Nec
92 1546 221 1606 semper
230 1525 301 1586 iurit
312 1527 391 1586 unda
401 1525 509 1601 maris,
520 1547 577 1587 nec
588 1545 709 1608 semper
721 1529 821 1609 adurit

15 1617 95 1680 Sulis
104 1619 220 1698 ubique
233 1618 332 1693 calor,
346 1638 403 1699 pro
415 1632 554 1700 tempore
567 1631 716 1701 temperat
728 1620 810 1704 ignes
843 1631 846 1634 ’

14 1707 75 1772 Pro
89 1712 219 1794 regione
232 1711 326 1794 plagae
337 1752 347 1786 ‚
360 1722 418 1791 pro
428 1725 567 1792 tempore
580 1725 729 1794 temperat
742 1713 855 1788 undas,

13 1801 54 1863 Et
66 1805 171 1880 modo
182 1803 329 1865 bellantes
339 1801 443 1868 fluctus
455 1803 533 1864 ireta
543 1805 627 1887 pigra
638 1807 787 1886 jacebunt.

13 1893 85 1978 lpse
100 1898 211 1979 polus,
224 1897 275 1976 qui
289 1898 399 1980 grande
411 1910 512 1971 tonat3
527 1897 591 1959 sine
603 1897 684 1959 nube
697 1917 827 1960 serenus-

18 1988 89 2052 Jam
104 2003 204 2067 tacet,
217 2003 246 2051 ct
258 2011 336 2072 puro
349 1991 475 2050 redeunt
486 2007 538 2050 sna
549 1988 664 2056 lumina
676 1989 764 2052 coelo.

53 2083 157 2146 Multa
168 2083 242 2145 locis
256 2085 322 2144 data
334 2095 402 2144 sunt
414 2082 503 2143 variis
516 2081 650 2163 dispersa
659 2101 716 2164 per
728 2082 848 2145 orbem.

17 2177 110 2239 Arida
122 2178 263 2258 vipereos
273 2179 381 2260 angues
391 2175 520 2257 suscepit
532 2194 642 2250 arena,

18 2271 157 2334 Humida
169 2270 291 2332 sortitur
302 2269 390 2330 tellus
400 2265 549 2330 ieracolla
560 2269 700 2346 leonum,

16 2363 100 2425 india
112 2383 184 2426 cum
195 2362 323 2445 gemmis
335 2373 366 2422 et
377 2361 509 2423 eburnea
521 2375 655 2428 monstra
666 2362 811 2424 minatur.

16 2453 125 2517 Bellus
136 2455 255 2516 divinos
266 2455 346 2514 inter
356 2467 514 2537 generatur
528 2456 637 2517 odores
650 2499 660 2533 ‚

18 2547 252 2627 Ambrosiasque
266 2547 344 2629 rapit
357 2547 435 2608 male
447 2547 584 2630 frangens
595 2548 690 2610 bestia
701 2543 829 2622 messes;
886 2575 889 2584 ·

18 2639 212 2719 incertusque
226 2641 311 2701 color
324 2641 406 2724 tigris
416 2660 473 2721 per
484 2641 567 2702 mille
580 2641 698 2705 colores
962 2701 965 2712 ,

19 2731 179 2796 Montibus
196 2732 347 2815 Hyrcanis
359 2734 438 2794 venit
449 2777 458 2808 ‚
471 2747 558 2812 atque
572 2735 661 2797 effeta
672 2736 781 2797 marito
859 2784 863 2789 .
967 2733 969 2736 ’

19 2821 171 2902 Mittitur,
185 2841 218 2886 ut
234 2827 333 2889 vincat
347 2845 468 2888 currens
481 2826 586 2886 orbata
594 2828 750 2909 procellas.

18 2915 175 2981 Cornibus
186 2920 293 2982 erectis
305 2919 408 2982 sortita
419 2931 463 2980 est
475 2917 708 2997 autumamus,

19 3007 161 3075 Concava
182 3013 346 3095 suscipiunt
358 3033 414 3096 per
427 3023 546 3074 montes
557 3031 623 3074 saxa
635 3015 787 3078 dracones.

20 3101 140 3168 Caetera
153 3105 302 3194 distribuit
312 3109 437 3173 diversis
446 3105 561 3171 semina
574 3107 682 3185 terris,
