<?xml version="1.0" encoding="UTF-8"?>
<!DOCTYPE html PUBLIC "-//W3C//DTD XHTML 1.0 Transitional//EN"
    "http://www.w3.org/TR/xhtml1/DTD/xhtml1-transitional.dtd">
<html xmlns="http://www.w3.org/1999/xhtml" xml:lang="en" lang="en">
 <head>
  <title>
</title>
<meta http-equiv="Content-Type" content="text/html;charset=utf-8" />
  <meta name='ocr-system' content='tesseract 3.04.00' />
  <meta name='ocr-capabilities' content='ocr_page ocr_carea ocr_par ocr_line ocrx_word'/>
</head>
<body>
  <div class='ocr_page' id='page_1' title='image "./caiicaeliisedul00sedugoog_0031.png"; bbox 0 0 2198 3844; ppageno 0'>
   <div class='ocr_carea' id='block_1_1' title="bbox 143 296 1093 386">
    <p class='ocr_par' dir='ltr' id='par_1_1' title="bbox 143 296 1093 386">
     <span class='ocr_line' id='line_1_1' title="bbox 143 296 1093 386; baseline 0.007 -28"><span class='ocrx_word' id='word_1_1' title='bbox 143 296 184 370; x_wconf 70' lang='lat'>24</span> <span class='ocrx_word' id='word_1_2' title='bbox 367 310 532 386; x_wconf 64' lang='lat' dir='ltr'>‚enin</span> <span class='ocrx_word' id='word_1_3' title='bbox 567 311 780 372; x_wconf 77' lang='lat' dir='ltr'>senum</span> <span class='ocrx_word' id='word_1_4' title='bbox 908 297 1027 364; x_wconf 64' lang='lat' dir='ltr'>vss316.</span> <span class='ocrx_word' id='word_1_5' title='bbox 1092 313 1093 320; x_wconf 47' lang='lat'>¹</span> 
     </span>
    </p>
   </div>
   <div class='ocr_carea' id='block_1_2' title="bbox 83 401 1029 2721">
    <p class='ocr_par' dir='ltr' id='par_1_2' title="bbox 142 401 831 486">
     <span class='ocr_line' id='line_1_2' title="bbox 142 401 831 486; baseline 0.006 -22"><span class='ocrx_word' id='word_1_6' title='bbox 142 401 337 484; x_wconf 84' lang='lat' dir='ltr'>Diversisqne</span> <span class='ocrx_word' id='word_1_7' title='bbox 348 406 446 466; x_wconf 91' lang='lat' dir='ltr'>modis</span> <span class='ocrx_word' id='word_1_8' title='bbox 459 426 515 485; x_wconf 86' lang='lat' dir='ltr'>par</span> <span class='ocrx_word' id='word_1_9' title='bbox 527 419 571 466; x_wconf 89' lang='lat' dir='ltr'>est</span> <span class='ocrx_word' id='word_1_10' title='bbox 579 407 696 486; x_wconf 75' lang='lat' dir='ltr'>vesania</span> <span class='ocrx_word' id='word_1_11' title='bbox 710 407 831 470; x_wconf 85' lang='lat' dir='ltr'>cunctis.</span> 
     </span>
    </p>

    <p class='ocr_par' dir='ltr' id='par_1_3' title="bbox 83 491 1025 857">
     <span class='ocr_line' id='line_1_3' title="bbox 185 491 865 574; baseline 0.009 -19"><span class='ocrx_word' id='word_1_12' title='bbox 185 495 303 558; x_wconf 78' lang='lat' dir='ltr'><strong>Interea</strong></span> <span class='ocrx_word' id='word_1_13' title='bbox 317 499 388 558; x_wconf 90' lang='lat' dir='ltr'>dum</span> <span class='ocrx_word' id='word_1_14' title='bbox 403 499 457 558; x_wconf 86' lang='lat' dir='ltr'>rite</span> <span class='ocrx_word' id='word_1_15' title='bbox 472 499 551 558; x_wconf 91' lang='lat' dir='ltr'>viam</span> <span class='ocrx_word' id='word_1_16' title='bbox 562 491 702 561; x_wconf 84' lang='lat' dir='ltr'>sermone</span> <span class='ocrx_word' id='word_1_17' title='bbox 716 501 865 574; x_wconf 81' lang='lat' dir='ltr'><strong>levamus,</strong></span> 
     </span>
     <span class='ocr_line' id='line_1_4' title="bbox 143 585 1025 676; baseline 0.01 -28"><span class='ocrx_word' id='word_1_18' title='bbox 143 585 295 668; x_wconf 80' lang='lat' dir='ltr'><strong>Spesque,</strong></span> <span class='ocrx_word' id='word_1_19' title='bbox 306 591 728 670; x_wconf 86' lang='lat' dir='ltr'>fidesqnemeumcomitantur</span> <span class='ocrx_word' id='word_1_20' title='bbox 736 593 766 652; x_wconf 92' lang='lat' dir='ltr'>in</span> <span class='ocrx_word' id='word_1_21' title='bbox 775 595 866 654; x_wconf 86' lang='lat' dir='ltr'>ardna</span> <span class='ocrx_word' id='word_1_22' title='bbox 873 613 1025 676; x_wconf 84' lang='lat' dir='ltr'>gressum,</span> 
     </span>
     <span class='ocr_line' id='line_1_5' title="bbox 83 679 961 767; baseline 0.008 -26"><span class='ocrx_word' id='word_1_23' title='bbox 83 757 86 767; x_wconf 29' lang='grc' dir='ltr'>Ι</span> <span class='ocrx_word' id='word_1_24' title='bbox 141 679 287 743; x_wconf 82' lang='lat' dir='ltr'>Biandius</span> <span class='ocrx_word' id='word_1_25' title='bbox 300 685 336 743; x_wconf 91' lang='lat' dir='ltr'>ad</span> <span class='ocrx_word' id='word_1_26' title='bbox 349 689 498 744; x_wconf 84' lang='lat' dir='ltr'>summam</span> <span class='ocrx_word' id='word_1_27' title='bbox 513 687 631 745; x_wconf 86' lang='lat' dir='ltr'>tandem</span> <span class='ocrx_word' id='word_1_28' title='bbox 646 687 838 766; x_wconf 81' lang='lat' dir='ltr'>pervenimus</span> <span class='ocrx_word' id='word_1_29' title='bbox 851 705 961 750; x_wconf 89' lang='lat' dir='ltr'>arcem.</span> 
     </span>
     <span class='ocr_line' id='line_1_6' title="bbox 142 765 859 857; baseline 0.006 -23"><span class='ocrx_word' id='word_1_30' title='bbox 142 772 193 836; x_wconf 85' lang='lat' dir='ltr'>En</span> <span class='ocrx_word' id='word_1_31' title='bbox 205 765 287 857; x_wconf 79' lang='lat' dir='ltr'>signo</span> <span class='ocrx_word' id='word_1_32' title='bbox 300 790 410 838; x_wconf 82' lang='lat' dir='ltr'>sacrata</span> <span class='ocrx_word' id='word_1_33' title='bbox 422 780 519 839; x_wconf 89' lang='lat' dir='ltr'>crucis</span> <span class='ocrx_word' id='word_1_34' title='bbox 532 778 637 839; x_wconf 80' lang='lat' dir='ltr'>vexilla</span> <span class='ocrx_word' id='word_1_35' title='bbox 648 792 803 840; x_wconf 86' lang='lat' dir='ltr'>coruscant</span> <span class='ocrx_word' id='word_1_36' title='bbox 815 803 823 838; x_wconf 71' lang='grc' dir='ltr'><strong>ε</strong></span> <span class='ocrx_word' id='word_1_37' title='bbox 853 845 859 852; x_wconf 54' lang='grc'><strong>,</strong></span> 
     </span>
    </p>

    <p class='ocr_par' dir='ltr' id='par_1_4' title="bbox 140 865 965 1329">
     <span class='ocr_line' id='line_1_7' title="bbox 140 865 926 952; baseline 0.009 -27"><span class='ocrx_word' id='word_1_38' title='bbox 140 865 190 926; x_wconf 83' lang='grc' dir='ltr'>Εη</span> <span class='ocrx_word' id='word_1_39' title='bbox 206 871 281 952; x_wconf 74' lang='lat' dir='ltr'>regis</span> <span class='ocrx_word' id='word_1_40' title='bbox 291 868 341 949; x_wconf 91' lang='lat' dir='ltr'>pia</span> <span class='ocrx_word' id='word_1_41' title='bbox 354 883 447 950; x_wconf 82' lang='lat' dir='ltr'>castra</span> <span class='ocrx_word' id='word_1_42' title='bbox 462 871 590 947; x_wconf 81' lang='lat' dir='ltr'><strong>micant,</strong></span> <span class='ocrx_word' id='word_1_43' title='bbox 605 873 676 933; x_wconf 86' lang='lat' dir='ltr'>tuba</span> <span class='ocrx_word' id='word_1_44' title='bbox 689 873 797 933; x_wconf 89' lang='lat' dir='ltr'>clamat</span> <span class='ocrx_word' id='word_1_45' title='bbox 806 872 926 949; x_wconf 87' lang='lat' dir='ltr'>herilis,</span> 
     </span>
     <span class='ocr_line' id='line_1_8' title="bbox 142 957 895 1046; baseline 0.009 -27"><span class='ocrx_word' id='word_1_46' title='bbox 142 957 294 1022; x_wconf 82' lang='lat' dir='ltr'>Militibus</span> <span class='ocrx_word' id='word_1_47' title='bbox 306 984 358 1025; x_wconf 85' lang='lat' dir='ltr'>sua</span> <span class='ocrx_word' id='word_1_48' title='bbox 370 977 457 1045; x_wconf 84' lang='lat' dir='ltr'>porta</span> <span class='ocrx_word' id='word_1_49' title='bbox 469 978 563 1046; x_wconf 85' lang='lat' dir='ltr'>patet;</span> <span class='ocrx_word' id='word_1_50' title='bbox 579 966 631 1044; x_wconf 81' lang='lat' dir='ltr'>qui</span> <span class='ocrx_word' id='word_1_51' title='bbox 644 966 874 1038; x_wconf 79' lang='lat' dir='ltr'>militat,-intret</span> <span class='ocrx_word' id='word_1_52' title='bbox 887 988 895 1025; x_wconf 72' lang='grc' dir='ltr'><strong><em>ε</em></strong></span> 
     </span>
     <span class='ocr_line' id='line_1_9' title="bbox 143 1051 882 1140; baseline 0.011 -27"><span class='ocrx_word' id='word_1_53' title='bbox 143 1051 245 1115; x_wconf 85' lang='lat' dir='ltr'>Janua</span> <span class='ocrx_word' id='word_1_54' title='bbox 257 1079 310 1118; x_wconf 86' lang='lat' dir='ltr'>vos</span> <span class='ocrx_word' id='word_1_55' title='bbox 323 1070 433 1119; x_wconf 81' lang='lat' dir='ltr'>aeterna</span> <span class='ocrx_word' id='word_1_56' title='bbox 444 1071 545 1133; x_wconf 84' lang='lat' dir='ltr'>vocat,</span> <span class='ocrx_word' id='word_1_57' title='bbox 559 1080 624 1138; x_wconf 73' lang='lat' dir='ltr'>qnae</span> <span class='ocrx_word' id='word_1_58' title='bbox 635 1061 723 1140; x_wconf 85' lang='lat' dir='ltr'>janna</span> <span class='ocrx_word' id='word_1_59' title='bbox 736 1057 882 1121; x_wconf 84' lang='lat' dir='ltr'>Christus.</span> 
     </span>
     <span class='ocr_line' id='line_1_10' title="bbox 144 1142 965 1234; baseline 0.011 -27"><span class='ocrx_word' id='word_1_60' title='bbox 144 1146 245 1209; x_wconf 83' lang='lat' dir='ltr'>Aurea</span> <span class='ocrx_word' id='word_1_61' title='bbox 258 1166 410 1232; x_wconf 76' lang='lat' dir='ltr'>perpetuae</span> <span class='ocrx_word' id='word_1_62' title='bbox 424 1152 547 1232; x_wconf 86' lang='lat' dir='ltr'>capietis</span> <span class='ocrx_word' id='word_1_63' title='bbox 561 1153 685 1234; x_wconf 81' lang='lat' dir='ltr'>praemia</span> <span class='ocrx_word' id='word_1_64' title='bbox 697 1153 782 1226; x_wconf 67' lang='lat' dir='ltr'>vitae,</span> <span class='ocrx_word' id='word_1_65' title='bbox 962 1142 965 1147; x_wconf 28' lang='lat'><strong>¹</strong></span> 
     </span>
     <span class='ocr_line' id='line_1_11' title="bbox 145 1241 882 1329; baseline 0.007 -27"><span class='ocrx_word' id='word_1_66' title='bbox 145 1241 241 1304; x_wconf 83' lang='lat' dir='ltr'>Arma</span> <span class='ocrx_word' id='word_1_67' title='bbox 253 1246 359 1323; x_wconf 88' lang='lat' dir='ltr'>quihus</span> <span class='ocrx_word' id='word_1_68' title='bbox 373 1245 502 1306; x_wconf 87' lang='lat' dir='ltr'>Domini</span> <span class='ocrx_word' id='word_1_69' title='bbox 513 1260 575 1307; x_wconf 86' lang='lat' dir='ltr'>tota</span> <span class='ocrx_word' id='word_1_70' title='bbox 589 1248 696 1307; x_wconf 81' lang='lat' dir='ltr'>virtute</span> <span class='ocrx_word' id='word_1_71' title='bbox 707 1259 868 1329; x_wconf 79' lang='lat' dir='ltr'>geruntur,</span> <span class='ocrx_word' id='word_1_72' title='bbox 880 1289 882 1294; x_wconf 91' lang='lat'>-</span> 
     </span>
    </p>

    <p class='ocr_par' dir='ltr' id='par_1_5' title="bbox 143 1334 1026 1513">
     <span class='ocr_line' id='line_1_12' title="bbox 143 1334 1026 1423; baseline 0.005 -27"><span class='ocrx_word' id='word_1_73' title='bbox 143 1334 184 1396; x_wconf 83' lang='lat' dir='ltr'>Er</span> <span class='ocrx_word' id='word_1_74' title='bbox 198 1337 286 1397; x_wconf 82' lang='lat' dir='ltr'>fixum</span> <span class='ocrx_word' id='word_1_75' title='bbox 297 1351 339 1397; x_wconf 82' lang='lat' dir='ltr'>est</span> <span class='ocrx_word' id='word_1_76' title='bbox 351 1339 382 1397; x_wconf 92' lang='lat' dir='ltr'>in</span> <span class='ocrx_word' id='word_1_77' title='bbox 396 1338 493 1400; x_wconf 83' lang='lat' dir='ltr'>fronte</span> <span class='ocrx_word' id='word_1_78' title='bbox 508 1341 607 1401; x_wconf 85' lang='lat' dir='ltr'>decus.</span> <span class='ocrx_word' id='word_1_79' title='bbox 622 1340 743 1413; x_wconf 85' lang='lat' dir='ltr'>Decus,</span> <span class='ocrx_word' id='word_1_80' title='bbox 763 1359 906 1419; x_wconf 85' lang='lat' dir='ltr'>armaque</span> <span class='ocrx_word' id='word_1_81' title='bbox 920 1351 1026 1423; x_wconf 83' lang='lat' dir='ltr'>porto,</span> 
     </span>
     <span class='ocr_line' id='line_1_13' title="bbox 145 1427 891 1513; baseline 0.005 -25"><span class='ocrx_word' id='word_1_82' title='bbox 145 1427 324 1508; x_wconf 84' lang='lat' dir='ltr'>Militiaeque</span> <span class='ocrx_word' id='word_1_83' title='bbox 336 1443 413 1505; x_wconf 86' lang='lat' dir='ltr'>tuae,</span> <span class='ocrx_word' id='word_1_84' title='bbox 426 1432 507 1493; x_wconf 89' lang='lat' dir='ltr'>bone</span> <span class='ocrx_word' id='word_1_85' title='bbox 521 1451 587 1506; x_wconf 85' lang='lat' dir='ltr'>rex,</span> <span class='ocrx_word' id='word_1_86' title='bbox 602 1453 672 1513; x_wconf 86' lang='lat' dir='ltr'>pars</span> <span class='ocrx_word' id='word_1_87' title='bbox 685 1431 789 1492; x_wconf 84' lang='lat' dir='ltr'>ultima</span> <span class='ocrx_word' id='word_1_88' title='bbox 800 1444 891 1492; x_wconf 88' lang='lat' dir='ltr'>resto.</span> 
     </span>
    </p>

    <p class='ocr_par' dir='ltr' id='par_1_6' title="bbox 143 1519 920 1697">
     <span class='ocr_line' id='line_1_14' title="bbox 145 1519 920 1605; baseline 0.006 -25"><span class='ocrx_word' id='word_1_89' title='bbox 145 1519 209 1583; x_wconf 82' lang='lat' dir='ltr'>Hic</span> <span class='ocrx_word' id='word_1_90' title='bbox 223 1522 361 1603; x_wconf 83' lang='lat' dir='ltr'>proprias</span> <span class='ocrx_word' id='word_1_91' title='bbox 374 1524 476 1597; x_wconf 85' lang='lat' dir='ltr'>sedes,</span> <span class='ocrx_word' id='word_1_92' title='bbox 490 1524 576 1605; x_wconf 86' lang='lat' dir='ltr'>hujus</span> <span class='ocrx_word' id='word_1_93' title='bbox 590 1525 664 1582; x_wconf 90' lang='lat' dir='ltr'>mihi</span> <span class='ocrx_word' id='word_1_94' title='bbox 677 1525 827 1586; x_wconf 79' lang='lat' dir='ltr'>moenibus</span> <span class='ocrx_word' id='word_1_95' title='bbox 837 1525 920 1586; x_wconf 87' lang='lat' dir='ltr'>urbis</span> 
     </span>
     <span class='ocr_line' id='line_1_15' title="bbox 143 1602 901 1697; baseline 0.009 -24"><span class='ocrx_word' id='word_1_96' title='bbox 143 1602 290 1697; x_wconf 81' lang='lat' dir='ltr'>Exiguam</span> <span class='ocrx_word' id='word_1_97' title='bbox 305 1617 436 1677; x_wconf 88' lang='lat' dir='ltr'>concede</span> <span class='ocrx_word' id='word_1_98' title='bbox 448 1617 590 1692; x_wconf 90' lang='lat' dir='ltr'>domum,</span> <span class='ocrx_word' id='word_1_99' title='bbox 603 1629 669 1677; x_wconf 84' lang='lat' dir='ltr'>tuns</span> <span class='ocrx_word' id='word_1_100' title='bbox 682 1617 781 1679; x_wconf 83' lang='lat' dir='ltr'>incola</span> <span class='ocrx_word' id='word_1_101' title='bbox 793 1619 901 1680; x_wconf 82' lang='lat' dir='ltr'>sanctis</span> 
     </span>
    </p>

    <p class='ocr_par' dir='ltr' id='par_1_7' title="bbox 146 1706 810 1790">
     <span class='ocr_line' id='line_1_16' title="bbox 146 1706 810 1790; baseline 0.003 -23"><span class='ocrx_word' id='word_1_102' title='bbox 146 1706 192 1786; x_wconf 81' lang='lat' dir='ltr'>Ut</span> <span class='ocrx_word' id='word_1_103' title='bbox 207 1729 323 1769; x_wconf 87' lang='lat' dir='ltr'>merear</span> <span class='ocrx_word' id='word_1_104' title='bbox 336 1709 469 1769; x_wconf 87' lang='lat' dir='ltr'>habitare</span> <span class='ocrx_word' id='word_1_105' title='bbox 482 1708 575 1782; x_wconf 88' lang='lat' dir='ltr'>locis,</span> <span class='ocrx_word' id='word_1_106' title='bbox 590 1710 718 1790; x_wconf 82' lang='lat' dir='ltr'>alboque</span> <span class='ocrx_word' id='word_1_107' title='bbox 730 1710 810 1772; x_wconf 89' lang='lat' dir='ltr'>beati</span> 
     </span>
    </p>

    <p class='ocr_par' dir='ltr' id='par_1_8' title="bbox 86 1798 985 2072">
     <span class='ocr_line' id='line_1_17' title="bbox 86 1798 850 1865; baseline 0.004 -5"><span class='ocrx_word' id='word_1_108' title='bbox 86 1811 92 1818; x_wconf 83' lang='lat'><strong><em>‘</em></strong></span> <span class='ocrx_word' id='word_1_109' title='bbox 148 1798 276 1862; x_wconf 85' lang='lat' dir='ltr'>Ordinis</span> <span class='ocrx_word' id='word_1_110' title='bbox 289 1814 435 1862; x_wconf 82' lang='lat' dir='ltr'>extremus</span> <span class='ocrx_word' id='word_1_111' title='bbox 449 1803 597 1864; x_wconf 81' lang='lat' dir='ltr'>conscribi</span> <span class='ocrx_word' id='word_1_112' title='bbox 611 1803 641 1862; x_wconf 89' lang='lat' dir='ltr'>in</span> <span class='ocrx_word' id='word_1_113' title='bbox 656 1803 754 1865; x_wconf 88' lang='lat' dir='ltr'>secula</span> <span class='ocrx_word' id='word_1_114' title='bbox 767 1803 850 1864; x_wconf 86' lang='lat' dir='ltr'>civis.</span> 
     </span>
     <span class='ocr_line' id='line_1_18' title="bbox 147 1892 985 1978; baseline -0.001 -23"><span class='ocrx_word' id='word_1_115' title='bbox 147 1892 284 1955; x_wconf 83' lang='lat' dir='ltr'>Grandia</span> <span class='ocrx_word' id='word_1_116' title='bbox 297 1916 389 1977; x_wconf 90' lang='lat' dir='ltr'>posco</span> <span class='ocrx_word' id='word_1_117' title='bbox 403 1896 524 1974; x_wconf 84' lang='lat' dir='ltr'>quidem</span> <span class='ocrx_word' id='word_1_118' title='bbox 538 1919 544 1953; x_wconf 92' lang='lat'>:</span> <span class='ocrx_word' id='word_1_119' title='bbox 559 1898 610 1955; x_wconf 93' lang='lat' dir='ltr'>sed</span> <span class='ocrx_word' id='word_1_120' title='bbox 623 1908 656 1956; x_wconf 89' lang='lat' dir='ltr'>tu</span> <span class='ocrx_word' id='word_1_121' title='bbox 672 1897 742 1957; x_wconf 88' lang='lat' dir='ltr'>dare</span> <span class='ocrx_word' id='word_1_122' title='bbox 756 1896 878 1978; x_wconf 85' lang='lat' dir='ltr'>grandia</span> <span class='ocrx_word' id='word_1_123' title='bbox 888 1894 985 1972; x_wconf 85' lang='lat' dir='ltr'>nosti,</span> 
     </span>
     <span class='ocr_line' id='line_1_19' title="bbox 147 1987 973 2072; baseline -0.002 -24"><span class='ocrx_word' id='word_1_124' title='bbox 147 1987 251 2070; x_wconf 87' lang='lat' dir='ltr'><strong>Quem</strong></span> <span class='ocrx_word' id='word_1_125' title='bbox 266 1989 358 2072; x_wconf 83' lang='lat' dir='ltr'>magis</span> <span class='ocrx_word' id='word_1_126' title='bbox 373 1989 515 2062; x_wconf 79' lang='lat' dir='ltr'>offendit,</span> <span class='ocrx_word' id='word_1_127' title='bbox 530 1988 662 2068; x_wconf 86' lang='lat' dir='ltr'>quisquis</span> <span class='ocrx_word' id='word_1_128' title='bbox 675 1991 824 2069; x_wconf 86' lang='lat' dir='ltr'>sperando</span> <span class='ocrx_word' id='word_1_129' title='bbox 839 1990 973 2070; x_wconf 85' lang='lat' dir='ltr'>tepescit.</span> 
     </span>
    </p>

    <p class='ocr_par' dir='ltr' id='par_1_9' title="bbox 145 2081 1029 2349">
     <span class='ocr_line' id='line_1_20' title="bbox 189 2081 1029 2164; baseline -0.002 -19"><span class='ocrx_word' id='word_1_130' title='bbox 189 2082 327 2157; x_wconf 83' lang='lat' dir='ltr'>Christe,</span> <span class='ocrx_word' id='word_1_131' title='bbox 342 2081 505 2159; x_wconf 73' lang='lat' dir='ltr'>faverolis,</span> <span class='ocrx_word' id='word_1_132' title='bbox 516 2083 566 2161; x_wconf 88' lang='lat' dir='ltr'>qui</span> <span class='ocrx_word' id='word_1_133' title='bbox 576 2083 722 2142; x_wconf 87' lang='lat' dir='ltr'>mundum</span> <span class='ocrx_word' id='word_1_134' title='bbox 733 2083 766 2142; x_wconf 93' lang='lat' dir='ltr'>in</span> <span class='ocrx_word' id='word_1_135' title='bbox 774 2095 872 2142; x_wconf 86' lang='lat' dir='ltr'>morte</span> <span class='ocrx_word' id='word_1_136' title='bbox 880 2085 1029 2164; x_wconf 84' lang='lat' dir='ltr'>jacentem</span> 
     </span>
     <span class='ocr_line' id='line_1_21' title="bbox 145 2174 856 2256; baseline -0.003 -20"><span class='ocrx_word' id='word_1_137' title='bbox 145 2177 306 2237; x_wconf 76' lang='lat' dir='ltr'>Vivificare</span> <span class='ocrx_word' id='word_1_138' title='bbox 319 2176 441 2244; x_wconf 72' lang='lat' dir='ltr'>veiens,</span> <span class='ocrx_word' id='word_1_139' title='bbox 458 2177 610 2254; x_wconf 87' lang='lat' dir='ltr'>quondam</span> <span class='ocrx_word' id='word_1_140' title='bbox 625 2174 742 2238; x_wconf 82' lang='lat' dir='ltr'>terrena</span> <span class='ocrx_word' id='word_1_141' title='bbox 754 2175 856 2256; x_wconf 83' lang='lat' dir='ltr'>petisti</span> 
     </span>
     <span class='ocr_line' id='line_1_22' title="bbox 147 2257 910 2349; baseline -0.003 -19"><span class='ocrx_word' id='word_1_142' title='bbox 147 2266 291 2343; x_wconf 83' lang='lat' dir='ltr'>Coeiirus,</span> <span class='ocrx_word' id='word_1_143' title='bbox 305 2257 467 2328; x_wconf 85' lang='lat' dir='ltr'>humanam</span> <span class='ocrx_word' id='word_1_144' title='bbox 480 2270 615 2349; x_wconf 79' lang='lat' dir='ltr'>dignatus</span> <span class='ocrx_word' id='word_1_145' title='bbox 627 2289 745 2328; x_wconf 88' lang='lat' dir='ltr'>sumere</span> <span class='ocrx_word' id='word_1_146' title='bbox 759 2268 910 2344; x_wconf 81' lang='lat' dir='ltr'>sormam,</span> 
     </span>
    </p>

    <p class='ocr_par' dir='ltr' id='par_1_10' title="bbox 148 2359 891 2442">
     <span class='ocr_line' id='line_1_23' title="bbox 148 2359 891 2442; baseline 0.003 -21"><span class='ocrx_word' id='word_1_147' title='bbox 148 2359 200 2424; x_wconf 85' lang='lat' dir='ltr'>Sic</span> <span class='ocrx_word' id='word_1_148' title='bbox 214 2363 309 2421; x_wconf 85' lang='lat' dir='ltr'>aliena</span> <span class='ocrx_word' id='word_1_149' title='bbox 319 2381 442 2442; x_wconf 84' lang='lat' dir='ltr'>gerens,</span> <span class='ocrx_word' id='word_1_150' title='bbox 457 2373 489 2419; x_wconf 87' lang='lat' dir='ltr'>nt</span> <span class='ocrx_word' id='word_1_151' title='bbox 502 2373 618 2421; x_wconf 87' lang='lat' dir='ltr'>nectua</span> <span class='ocrx_word' id='word_1_152' title='bbox 631 2361 766 2442; x_wconf 84' lang='lat' dir='ltr'>linquere</span> <span class='ocrx_word' id='word_1_153' title='bbox 780 2381 891 2442; x_wconf 86' lang='lat' dir='ltr'>posses.</span> 
     </span>
    </p>

    <p class='ocr_par' dir='ltr' id='par_1_11' title="bbox 146 2452 1027 2632">
     <span class='ocr_line' id='line_1_24' title="bbox 188 2452 1027 2538; baseline 0 -22"><span class='ocrx_word' id='word_1_154' title='bbox 188 2453 259 2516; x_wconf 88' lang='lat' dir='ltr'>Hoc</span> <span class='ocrx_word' id='word_1_155' title='bbox 273 2452 538 2536; x_wconf 77' lang='lat' dir='ltr'>Matthaeusagens,</span> <span class='ocrx_word' id='word_1_156' title='bbox 553 2453 708 2515; x_wconf 85' lang='lat' dir='ltr'>hominem</span> <span class='ocrx_word' id='word_1_157' title='bbox 716 2454 893 2537; x_wconf 84' lang='lat' dir='ltr'>generaliter</span> <span class='ocrx_word' id='word_1_158' title='bbox 904 2453 1027 2538; x_wconf 84' lang='lat' dir='ltr'>implet,</span> 
     </span>
     <span class='ocr_line' id='line_1_25' title="bbox 146 2546 891 2632; baseline 0 -24"><span class='ocrx_word' id='word_1_159' title='bbox 146 2546 271 2608; x_wconf 86' lang='lat' dir='ltr'>Marcus</span> <span class='ocrx_word' id='word_1_160' title='bbox 285 2560 315 2606; x_wconf 84' lang='lat' dir='ltr'>nt</span> <span class='ocrx_word' id='word_1_161' title='bbox 328 2546 385 2605; x_wconf 84' lang='lat' dir='ltr'>aira</span> <span class='ocrx_word' id='word_1_162' title='bbox 401 2547 501 2606; x_wconf 75' lang='lat' dir='ltr'>fremit</span> <span class='ocrx_word' id='word_1_163' title='bbox 513 2567 567 2632; x_wconf 68' lang='lat' dir='ltr'>nox</span> <span class='ocrx_word' id='word_1_164' title='bbox 580 2567 634 2626; x_wconf 88' lang='lat' dir='ltr'>per</span> <span class='ocrx_word' id='word_1_165' title='bbox 648 2548 763 2609; x_wconf 84' lang='lat' dir='ltr'>deserta</span> <span class='ocrx_word' id='word_1_166' title='bbox 776 2548 891 2624; x_wconf 89' lang='lat' dir='ltr'>leonis,</span> 
     </span>
    </p>

    <p class='ocr_par' dir='ltr' id='par_1_12' title="bbox 146 2639 809 2721">
     <span class='ocr_line' id='line_1_26' title="bbox 146 2639 809 2721; baseline -0.003 -19"><span class='ocrx_word' id='word_1_167' title='bbox 146 2640 171 2702; x_wconf 88' lang='lat' dir='ltr'><strong>J</strong></span> <span class='ocrx_word' id='word_1_168' title='bbox 173 2661 225 2701; x_wconf 93' lang='lat' dir='ltr'>ura</span> <span class='ocrx_word' id='word_1_169' title='bbox 238 2640 398 2702; x_wconf 83' lang='lat' dir='ltr'>sacerdotis</span> <span class='ocrx_word' id='word_1_170' title='bbox 409 2639 502 2702; x_wconf 86' lang='lat' dir='ltr'>Lucas</span> <span class='ocrx_word' id='word_1_171' title='bbox 514 2652 596 2700; x_wconf 83' lang='lat' dir='ltr'>tenet</span> <span class='ocrx_word' id='word_1_172' title='bbox 608 2661 660 2702; x_wconf 89' lang='lat' dir='ltr'>nre</span> <span class='ocrx_word' id='word_1_173' title='bbox 674 2642 809 2721; x_wconf 82' lang='lat' dir='ltr'>juvenci:</span> 
     </span>
    </p>
   </div>
   <div class='ocr_carea' id='block_1_3' title="bbox 57 2732 944 2813">
    <p class='ocr_par' dir='ltr' id='par_1_13' title="bbox 57 2732 944 2813">
     <span class='ocr_line' id='line_1_27' title="bbox 57 2732 944 2813; baseline -0.001 -18"><span class='ocrx_word' id='word_1_174' title='bbox 57 2734 60 2738; x_wconf 74' lang='grc'><em>’</em></span> <span class='ocrx_word' id='word_1_175' title='bbox 148 2732 240 2795; x_wconf 86' lang='lat' dir='ltr'>More</span> <span class='ocrx_word' id='word_1_176' title='bbox 256 2734 357 2794; x_wconf 88' lang='lat' dir='ltr'>volans</span> <span class='ocrx_word' id='word_1_177' title='bbox 370 2734 491 2813; x_wconf 84' lang='lat' dir='ltr'>aquilae,</span> <span class='ocrx_word' id='word_1_178' title='bbox 506 2734 599 2794; x_wconf 82' lang='lat' dir='ltr'>verbo</span> <span class='ocrx_word' id='word_1_179' title='bbox 613 2735 689 2812; x_wconf 83' lang='lat' dir='ltr'>petit</span> <span class='ocrx_word' id='word_1_180' title='bbox 701 2748 778 2794; x_wconf 84' lang='lat' dir='ltr'>astra</span> <span class='ocrx_word' id='word_1_181' title='bbox 791 2733 944 2807; x_wconf 87' lang='lat' dir='ltr'>Joannes;</span> 
     </span>
    </p>
   </div>
   <div class='ocr_carea' id='block_1_4' title="bbox 148 2824 1000 3194">
    <p class='ocr_par' dir='ltr' id='par_1_14' title="bbox 148 2824 1000 3096">
     <span class='ocr_line' id='line_1_28' title="bbox 149 2824 855 2907; baseline 0.003 -21"><span class='ocrx_word' id='word_1_182' title='bbox 149 2824 290 2906; x_wconf 81' lang='lat' dir='ltr'>Quatnor</span> <span class='ocrx_word' id='word_1_183' title='bbox 303 2827 334 2887; x_wconf 92' lang='lat' dir='ltr'>hi</span> <span class='ocrx_word' id='word_1_184' title='bbox 347 2847 486 2907; x_wconf 86' lang='lat' dir='ltr'>proceres</span> <span class='ocrx_word' id='word_1_185' title='bbox 499 2847 557 2886; x_wconf 88' lang='lat' dir='ltr'>una</span> <span class='ocrx_word' id='word_1_186' title='bbox 570 2839 599 2886; x_wconf 82' lang='lat' dir='ltr'>te</span> <span class='ocrx_word' id='word_1_187' title='bbox 611 2848 684 2888; x_wconf 88' lang='lat' dir='ltr'>voce</span> <span class='ocrx_word' id='word_1_188' title='bbox 697 2841 855 2903; x_wconf 79' lang='lat' dir='ltr'>canentes,</span> 
     </span>
     <span class='ocr_line' id='line_1_29' title="bbox 148 2920 1000 3003; baseline 0.004 -22"><span class='ocrx_word' id='word_1_189' title='bbox 148 2921 305 3002; x_wconf 84' lang='lat' dir='ltr'>Tempora</span> <span class='ocrx_word' id='word_1_190' title='bbox 317 2943 371 2984; x_wconf 91' lang='lat' dir='ltr'>ceu</span> <span class='ocrx_word' id='word_1_191' title='bbox 386 2921 528 2995; x_wconf 80' lang='lat' dir='ltr'>totidem,</span> <span class='ocrx_word' id='word_1_192' title='bbox 543 2920 637 2980; x_wconf 87' lang='lat' dir='ltr'>latum</span> <span class='ocrx_word' id='word_1_193' title='bbox 648 2935 824 3003; x_wconf 85' lang='lat' dir='ltr'>sparguntur</span> <span class='ocrx_word' id='word_1_194' title='bbox 836 2921 869 2982; x_wconf 91' lang='lat' dir='ltr'>in</span> <span class='ocrx_word' id='word_1_195' title='bbox 882 2921 1000 2984; x_wconf 87' lang='lat' dir='ltr'>orbem.</span> 
     </span>
     <span class='ocr_line' id='line_1_30' title="bbox 151 3014 865 3096; baseline -0.001 -20"><span class='ocrx_word' id='word_1_196' title='bbox 151 3014 204 3079; x_wconf 88' lang='lat' dir='ltr'>Sic</span> <span class='ocrx_word' id='word_1_197' title='bbox 215 3029 244 3076; x_wconf 87' lang='lat' dir='ltr'>et</span> <span class='ocrx_word' id='word_1_198' title='bbox 257 3014 424 3096; x_wconf 84' lang='lat' dir='ltr'>Apostoliei</span> <span class='ocrx_word' id='word_1_199' title='bbox 439 3035 560 3094; x_wconf 84' lang='lat' dir='ltr'>semper</span> <span class='ocrx_word' id='word_1_200' title='bbox 574 3015 728 3075; x_wconf 91' lang='lat' dir='ltr'>duodenus</span> <span class='ocrx_word' id='word_1_201' title='bbox 740 3015 865 3075; x_wconf 85' lang='lat' dir='ltr'>honoris</span> 
     </span>
    </p>

    <p class='ocr_par' dir='ltr' id='par_1_15' title="bbox 149 3105 936 3194">
     <span class='ocr_line' id='line_1_31' title="bbox 149 3105 936 3194; baseline -0.008 -20"><span class='ocrx_word' id='word_1_202' title='bbox 149 3105 258 3194; x_wconf 76' lang='lat' dir='ltr'>Fulget</span> <span class='ocrx_word' id='word_1_203' title='bbox 270 3129 344 3192; x_wconf 82' lang='lat' dir='ltr'>apex</span> <span class='ocrx_word' id='word_1_204' title='bbox 356 3128 501 3186; x_wconf 85' lang='lat' dir='ltr'>numero,</span> <span class='ocrx_word' id='word_1_205' title='bbox 514 3120 630 3174; x_wconf 79' lang='lat' dir='ltr'>mentes</span> <span class='ocrx_word' id='word_1_206' title='bbox 644 3107 773 3174; x_wconf 80' lang='lat' dir='ltr'>imitatus</span> <span class='ocrx_word' id='word_1_207' title='bbox 787 3122 816 3172; x_wconf 88' lang='lat' dir='ltr'>et</span> <span class='ocrx_word' id='word_1_208' title='bbox 829 3109 936 3186; x_wconf 85' lang='lat' dir='ltr'>horas,</span> 
     </span>
    </p>
   </div>
   <div class='ocr_carea' id='block_1_5' title="bbox 0 0 1111 3844">
    <p class='ocr_par' dir='ltr' id='par_1_16' title="bbox 0 0 1111 3844">
     <span class='ocr_line' id='line_1_32' title="bbox 0 0 1111 3844; baseline 0 0"><span class='ocrx_word' id='word_1_209' title='bbox 0 0 1111 3844; x_wconf 95' lang='lat' dir='ltr'> </span> 
     </span>
    </p>
   </div>
  </div>
 </body>
</html>
