<?xml version="1.0" encoding="UTF-8"?>
<!DOCTYPE html PUBLIC "-//W3C//DTD XHTML 1.0 Transitional//EN"
    "http://www.w3.org/TR/xhtml1/DTD/xhtml1-transitional.dtd">
<html xmlns="http://www.w3.org/1999/xhtml" xml:lang="en" lang="en">
 <head>
  <title>
</title>
<meta http-equiv="Content-Type" content="text/html;charset=utf-8" />
  <meta name='ocr-system' content='tesseract 3.04.00' />
  <meta name='ocr-capabilities' content='ocr_page ocr_carea ocr_par ocr_line ocrx_word'/>
</head>
<body>
  <div class='ocr_page' id='page_1' title='image "./caiicaeliisedul00sedugoog_0269.png"; bbox 0 0 2106 3846; ppageno 0'>
   <div class='ocr_carea' id='block_1_1' title="bbox 170 296 1040 406">
    <p class='ocr_par' dir='ltr' id='par_1_1' title="bbox 170 296 1040 406">
     <span class='ocr_line' id='line_1_1' title="bbox 170 296 1040 406; baseline 0.002 -26"><span class='ocrx_word' id='word_1_1' title='bbox 170 317 228 384; x_wconf 74' lang='lat'>252</span> <span class='ocrx_word' id='word_1_2' title='bbox 434 296 831 384; x_wconf 73' lang='lat' dir='ltr'>nenosessttr</span> <span class='ocrx_word' id='word_1_3' title='bbox 961 344 1040 406; x_wconf 63' lang='grc' dir='ltr'>ιη.</span> 
     </span>
    </p>
   </div>
   <div class='ocr_carea' id='block_1_2' title="bbox 124 422 1043 2670">
    <p class='ocr_par' dir='ltr' id='par_1_2' title="bbox 165 422 1043 887">
     <span class='ocr_line' id='line_1_2' title="bbox 169 422 1001 505; baseline -0.004 -13"><span class='ocrx_word' id='word_1_4' title='bbox 169 432 249 495; x_wconf 90' lang='lat' dir='ltr'>Cum</span> <span class='ocrx_word' id='word_1_5' title='bbox 262 427 364 488; x_wconf 87' lang='lat' dir='ltr'>dicunt</span> <span class='ocrx_word' id='word_1_6' title='bbox 371 435 501 485; x_wconf 90' lang='lat' dir='ltr'>mortem</span> <span class='ocrx_word' id='word_1_7' title='bbox 513 422 545 482; x_wconf 91' lang='lat' dir='ltr'>in</span> <span class='ocrx_word' id='word_1_8' title='bbox 556 434 678 483; x_wconf 86' lang='lat' dir='ltr'>cunctos</span> <span class='ocrx_word' id='word_1_9' title='bbox 690 423 830 484; x_wconf 78' lang='lat' dir='ltr'>transisse</span> <span class='ocrx_word' id='word_1_10' title='bbox 843 445 1001 505; x_wconf 88' lang='lat' dir='ltr'>perunum</span> 
     </span>
     <span class='ocr_line' id='line_1_3' title="bbox 167 517 1043 600; baseline -0.006 -14"><span class='ocrx_word' id='word_1_11' title='bbox 167 524 307 586; x_wconf 88' lang='lat' dir='ltr'>Primum</span> <span class='ocrx_word' id='word_1_12' title='bbox 318 519 495 592; x_wconf 84' lang='lat' dir='ltr'>homiuem,</span> <span class='ocrx_word' id='word_1_13' title='bbox 510 519 594 600; x_wconf 86' lang='lat' dir='ltr'>cujus</span> <span class='ocrx_word' id='word_1_14' title='bbox 607 517 723 580; x_wconf 85' lang='lat' dir='ltr'>crimen</span> <span class='ocrx_word' id='word_1_15' title='bbox 734 521 915 600; x_wconf 80' lang='lat' dir='ltr'>resperserit</span> <span class='ocrx_word' id='word_1_16' title='bbox 927 543 1043 584; x_wconf 88' lang='lat' dir='ltr'>omnes:</span> 
     </span>
     <span class='ocr_line' id='line_1_4' title="bbox 166 605 1041 697; baseline -0.003 -16"><span class='ocrx_word' id='word_1_17' title='bbox 166 619 236 682; x_wconf 88' lang='lat' dir='ltr'>Nec</span> <span class='ocrx_word' id='word_1_18' title='bbox 246 633 427 697; x_wconf 79' lang='lat' dir='ltr'>quemquam</span> <span class='ocrx_word' id='word_1_19' title='bbox 436 614 468 672; x_wconf 93' lang='lat' dir='ltr'>in</span> <span class='ocrx_word' id='word_1_20' title='bbox 480 613 571 676; x_wconf 84' lang='lat' dir='ltr'>ritant</span> <span class='ocrx_word' id='word_1_21' title='bbox 584 623 725 674; x_wconf 77' lang='lat' dir='ltr'>aeternam</span> <span class='ocrx_word' id='word_1_22' title='bbox 735 657 744 688; x_wconf 89' lang='lat'>‚</span> <span class='ocrx_word' id='word_1_23' title='bbox 756 605 814 674; x_wconf 83' lang='lat' dir='ltr'>uisi</span> <span class='ocrx_word' id='word_1_24' title='bbox 823 613 910 677; x_wconf 82' lang='lat' dir='ltr'>fonte</span> <span class='ocrx_word' id='word_1_25' title='bbox 918 631 1041 680; x_wconf 83' lang='lat' dir='ltr'>renatum</span> 
     </span>
     <span class='ocr_line' id='line_1_5' title="bbox 165 706 958 788; baseline 0.001 -17"><span class='ocrx_word' id='word_1_26' title='bbox 165 713 338 772; x_wconf 88' lang='lat' dir='ltr'>Ventumm</span> <span class='ocrx_word' id='word_1_27' title='bbox 350 733 357 768; x_wconf 77' lang='grc' dir='ltr'><strong><em>ε</em></strong></span> <span class='ocrx_word' id='word_1_28' title='bbox 372 707 558 786; x_wconf 76' lang='lat' dir='ltr'>infantesque</span> <span class='ocrx_word' id='word_1_29' title='bbox 570 727 638 768; x_wconf 90' lang='lat' dir='ltr'>reos</span> <span class='ocrx_word' id='word_1_30' title='bbox 649 706 709 769; x_wconf 93' lang='lat' dir='ltr'>hoc</span> <span class='ocrx_word' id='word_1_31' title='bbox 722 729 849 770; x_wconf 87' lang='lat' dir='ltr'>munere</span> <span class='ocrx_word' id='word_1_32' title='bbox 861 711 958 788; x_wconf 88' lang='lat' dir='ltr'>solri,</span> 
     </span>
     <span class='ocr_line' id='line_1_6' title="bbox 165 799 940 887; baseline -0.003 -20"><span class='ocrx_word' id='word_1_33' title='bbox 165 805 259 884; x_wconf 87' lang='lat' dir='ltr'>Quos·</span> <span class='ocrx_word' id='word_1_34' title='bbox 267 805 367 887; x_wconf 87' lang='lat' dir='ltr'>prima</span> <span class='ocrx_word' id='word_1_35' title='bbox 379 803 416 861; x_wconf 93' lang='lat' dir='ltr'>ad</span> <span class='ocrx_word' id='word_1_36' title='bbox 429 812 559 862; x_wconf 90' lang='lat' dir='ltr'>mortem</span> <span class='ocrx_word' id='word_1_37' title='bbox 569 799 748 883; x_wconf 79' lang='lat' dir='ltr'>generaliter</span> <span class='ocrx_word' id='word_1_38' title='bbox 759 803 828 863; x_wconf 89' lang='lat' dir='ltr'>edat</span> <span class='ocrx_word' id='word_1_39' title='bbox 840 805 940 887; x_wconf 88' lang='lat' dir='ltr'>origo.</span> 
     </span>
    </p>

    <p class='ocr_par' dir='ltr' id='par_1_3' title="bbox 161 895 1006 1255">
     <span class='ocr_line' id='line_1_7' title="bbox 164 895 1006 977; baseline -0.002 -17"><span class='ocrx_word' id='word_1_40' title='bbox 164 899 226 960; x_wconf 85' lang='lat' dir='ltr'>Sed</span> <span class='ocrx_word' id='word_1_41' title='bbox 239 918 308 962; x_wconf 91' lang='lat' dir='ltr'>cum</span> <span class='ocrx_word' id='word_1_42' title='bbox 320 896 467 956; x_wconf 86' lang='lat' dir='ltr'>damnatis</span> <span class='ocrx_word' id='word_1_43' title='bbox 480 895 617 976; x_wconf 86' lang='lat' dir='ltr'>sapiunt,</span> <span class='ocrx_word' id='word_1_44' title='bbox 630 897 828 975; x_wconf 86' lang='lat' dir='ltr'>damnataque</span> <span class='ocrx_word' id='word_1_45' title='bbox 841 915 1006 977; x_wconf 87' lang='lat' dir='ltr'>promunt,</span> 
     </span>
     <span class='ocr_line' id='line_1_8' title="bbox 164 988 962 1070; baseline -0.003 -13"><span class='ocrx_word' id='word_1_46' title='bbox 164 991 245 1057; x_wconf 89' lang='lat' dir='ltr'>Cum</span> <span class='ocrx_word' id='word_1_47' title='bbox 257 993 358 1054; x_wconf 89' lang='lat' dir='ltr'>dieunt</span> <span class='ocrx_word' id='word_1_48' title='bbox 370 988 448 1062; x_wconf 90' lang='lat' dir='ltr'>nibil</span> <span class='ocrx_word' id='word_1_49' title='bbox 461 1009 523 1050; x_wconf 89' lang='lat' dir='ltr'>esse</span> <span class='ocrx_word' id='word_1_50' title='bbox 537 989 645 1048; x_wconf 90' lang='lat' dir='ltr'>animis</span> <span class='ocrx_word' id='word_1_51' title='bbox 658 1009 714 1070; x_wconf 87' lang='lat' dir='ltr'>per</span> <span class='ocrx_word' id='word_1_52' title='bbox 726 988 832 1050; x_wconf 86' lang='lat' dir='ltr'>vulnus</span> <span class='ocrx_word' id='word_1_53' title='bbox 844 991 962 1054; x_wconf 81' lang='lat' dir='ltr'>avitum</span> 
     </span>
     <span class='ocr_line' id='line_1_9' title="bbox 161 1082 1002 1163; baseline -0.004 -14"><span class='ocrx_word' id='word_1_54' title='bbox 161 1088 340 1149; x_wconf 76' lang='lat' dir='ltr'>Detractum</span> <span class='ocrx_word' id='word_1_55' title='bbox 354 1083 487 1158; x_wconf 86' lang='lat' dir='ltr'>decoris,</span> <span class='ocrx_word' id='word_1_56' title='bbox 499 1082 751 1163; x_wconf 80' lang='lat' dir='ltr'>splendoremque</span> <span class='ocrx_word' id='word_1_57' title='bbox 766 1083 914 1146; x_wconf 89' lang='lat' dir='ltr'>omnibus</span> <span class='ocrx_word' id='word_1_58' title='bbox 928 1087 1002 1148; x_wconf 90' lang='lat' dir='ltr'>illum</span> 
     </span>
     <span class='ocr_line' id='line_1_10' title="bbox 162 1175 907 1255; baseline -0.003 -13"><span class='ocrx_word' id='word_1_59' title='bbox 162 1181 255 1244; x_wconf 88' lang='lat' dir='ltr'>Nunc</span> <span class='ocrx_word' id='word_1_60' title='bbox 268 1181 360 1242; x_wconf 88' lang='lat' dir='ltr'>talem</span> <span class='ocrx_word' id='word_1_61' title='bbox 371 1177 502 1251; x_wconf 82' lang='lat' dir='ltr'>innasci,</span> <span class='ocrx_word' id='word_1_62' title='bbox 515 1175 609 1255; x_wconf 91' lang='lat' dir='ltr'>qualis</span> <span class='ocrx_word' id='word_1_63' title='bbox 621 1176 677 1236; x_wconf 82' lang='lat' dir='ltr'>luit</span> <span class='ocrx_word' id='word_1_64' title='bbox 690 1189 758 1237; x_wconf 90' lang='lat' dir='ltr'>ante</span> <span class='ocrx_word' id='word_1_65' title='bbox 772 1177 907 1240; x_wconf 86' lang='lat' dir='ltr'>ruinam.</span> 
     </span>
    </p>

    <p class='ocr_par' dir='ltr' id='par_1_4' title="bbox 124 1269 953 1819">
     <span class='ocr_line' id='line_1_11' title="bbox 163 1269 826 1338; baseline -0.012 0"><span class='ocrx_word' id='word_1_66' title='bbox 163 1276 248 1338; x_wconf 84' lang='lat' dir='ltr'>Hinc</span> <span class='ocrx_word' id='word_1_67' title='bbox 260 1275 430 1336; x_wconf 90' lang='lat' dir='ltr'>libertatem</span> <span class='ocrx_word' id='word_1_68' title='bbox 443 1269 560 1330; x_wconf 89' lang='lat' dir='ltr'>arbitrii</span> <span class='ocrx_word' id='word_1_69' title='bbox 573 1270 742 1330; x_wconf 91' lang='lat' dir='ltr'>discernere</span> <span class='ocrx_word' id='word_1_70' title='bbox 753 1289 826 1330; x_wconf 87' lang='lat' dir='ltr'>sano</span> 
     </span>
     <span class='ocr_line' id='line_1_12' title="bbox 160 1363 932 1446; baseline -0.003 -17"><span class='ocrx_word' id='word_1_71' title='bbox 160 1367 253 1430; x_wconf 88' lang='lat' dir='ltr'>Posse</span> <span class='ocrx_word' id='word_1_72' title='bbox 268 1367 356 1430; x_wconf 92' lang='lat' dir='ltr'>oculo</span> <span class='ocrx_word' id='word_1_73' title='bbox 369 1366 467 1428; x_wconf 91' lang='lat' dir='ltr'>cordis</span> <span class='ocrx_word' id='word_1_74' title='bbox 480 1363 626 1443; x_wconf 92' lang='lat' dir='ltr'>quidquid</span> <span class='ocrx_word' id='word_1_75' title='bbox 638 1363 678 1422; x_wconf 88' lang='lat' dir='ltr'>sit</span> <span class='ocrx_word' id='word_1_76' title='bbox 690 1363 746 1423; x_wconf 91' lang='lat' dir='ltr'>rite</span> <span class='ocrx_word' id='word_1_77' title='bbox 758 1367 932 1446; x_wconf 87' lang='lat' dir='ltr'>gerendum</span> 
     </span>
     <span class='ocr_line' id='line_1_13' title="bbox 160 1457 924 1542; baseline -0.003 -20"><span class='ocrx_word' id='word_1_78' title='bbox 160 1461 230 1542; x_wconf 86' lang='lat' dir='ltr'>Nec</span> <span class='ocrx_word' id='word_1_79' title='bbox 243 1460 342 1525; x_wconf 90' lang='lat' dir='ltr'>solum</span> <span class='ocrx_word' id='word_1_80' title='bbox 354 1461 390 1519; x_wconf 86' lang='lat' dir='ltr'>ad</span> <span class='ocrx_word' id='word_1_81' title='bbox 401 1459 470 1519; x_wconf 75' lang='lat' dir='ltr'>vitae</span> <span class='ocrx_word' id='word_1_82' title='bbox 481 1457 637 1537; x_wconf 83' lang='lat' dir='ltr'>praesentis</span> <span class='ocrx_word' id='word_1_83' title='bbox 648 1458 811 1518; x_wconf 84' lang='lat' dir='ltr'>commoda</span> <span class='ocrx_word' id='word_1_84' title='bbox 822 1458 924 1535; x_wconf 86' lang='lat' dir='ltr'>solers</span> 
     </span>
     <span class='ocr_line' id='line_1_14' title="bbox 161 1552 888 1635; baseline -0.003 -21"><span class='ocrx_word' id='word_1_85' title='bbox 161 1553 306 1615; x_wconf 80' lang='lat' dir='ltr'>Sufficere</span> <span class='ocrx_word' id='word_1_86' title='bbox 319 1552 474 1635; x_wconf 83' lang='lat' dir='ltr'>ingenium</span> <span class='ocrx_word' id='word_1_87' title='bbox 487 1571 547 1630; x_wconf 92' lang='lat' dir='ltr'>quo</span> <span class='ocrx_word' id='word_1_88' title='bbox 559 1570 591 1611; x_wconf 89' lang='lat' dir='ltr'>se</span> <span class='ocrx_word' id='word_1_89' title='bbox 602 1562 720 1610; x_wconf 87' lang='lat' dir='ltr'>tueatur</span> <span class='ocrx_word' id='word_1_90' title='bbox 733 1563 762 1610; x_wconf 90' lang='lat' dir='ltr'>et</span> <span class='ocrx_word' id='word_1_91' title='bbox 776 1564 863 1612; x_wconf 90' lang='lat' dir='ltr'>ornet</span> <span class='ocrx_word' id='word_1_92' title='bbox 879 1576 888 1612; x_wconf 77' lang='grc' dir='ltr'><strong><em>ε</em></strong></span> 
     </span>
     <span class='ocr_line' id='line_1_15' title="bbox 124 1637 953 1725; baseline 0.001 -17"><span class='ocrx_word' id='word_1_93' title='bbox 124 1637 127 1645; x_wconf 57' lang='grc'><strong>’</strong></span> <span class='ocrx_word' id='word_1_94' title='bbox 161 1647 222 1708; x_wconf 87' lang='lat' dir='ltr'>Sed</span> <span class='ocrx_word' id='word_1_95' title='bbox 233 1646 358 1706; x_wconf 91' lang='lat' dir='ltr'>summis</span> <span class='ocrx_word' id='word_1_96' title='bbox 371 1645 462 1704; x_wconf 89' lang='lat' dir='ltr'>etiam</span> <span class='ocrx_word' id='word_1_97' title='bbox 476 1657 609 1705; x_wconf 84' lang='lat' dir='ltr'>ruentem</span> <span class='ocrx_word' id='word_1_98' title='bbox 623 1655 725 1724; x_wconf 86' lang='lat' dir='ltr'>aptam</span> <span class='ocrx_word' id='word_1_99' title='bbox 738 1645 953 1725; x_wconf 88' lang='lat' dir='ltr'>percipiendis</span> 
     </span>
     <span class='ocr_line' id='line_1_16' title="bbox 159 1737 894 1819; baseline -0.004 -18"><span class='ocrx_word' id='word_1_100' title='bbox 159 1737 356 1818; x_wconf 70' lang='lat' dir='ltr'>ffltemisque</span> <span class='ocrx_word' id='word_1_101' title='bbox 368 1737 477 1811; x_wconf 86' lang='lat' dir='ltr'>bouis,</span> <span class='ocrx_word' id='word_1_102' title='bbox 489 1749 596 1819; x_wconf 87' lang='lat' dir='ltr'>sponte</span> <span class='ocrx_word' id='word_1_103' title='bbox 609 1739 646 1797; x_wconf 85' lang='lat' dir='ltr'>ad</span> <span class='ocrx_word' id='word_1_104' title='bbox 656 1737 786 1799; x_wconf 86' lang='lat' dir='ltr'>coelestia</span> <span class='ocrx_word' id='word_1_105' title='bbox 798 1737 871 1798; x_wconf 83' lang='lat' dir='ltr'>ferri</span> <span class='ocrx_word' id='word_1_106' title='bbox 883 1783 894 1814; x_wconf 85' lang='lat'><strong>‚</strong></span> 
     </span>
    </p>

    <p class='ocr_par' dir='ltr' id='par_1_5' title="bbox 158 1827 1009 1912">
     <span class='ocr_line' id='line_1_17' title="bbox 158 1827 1009 1912; baseline -0.002 -18"><span class='ocrx_word' id='word_1_107' title='bbox 158 1831 277 1912; x_wconf 87' lang='lat' dir='ltr'>Perque</span> <span class='ocrx_word' id='word_1_108' title='bbox 289 1832 368 1894; x_wconf 85' lang='lat' dir='ltr'>viam</span> <span class='ocrx_word' id='word_1_109' title='bbox 381 1831 418 1891; x_wconf 89' lang='lat' dir='ltr'>ad</span> <span class='ocrx_word' id='word_1_110' title='bbox 431 1827 588 1892; x_wconf 89' lang='lat' dir='ltr'>Christum</span> <span class='ocrx_word' id='word_1_111' title='bbox 602 1850 693 1910; x_wconf 91' lang='lat' dir='ltr'>quam</span> <span class='ocrx_word' id='word_1_112' title='bbox 705 1831 810 1892; x_wconf 84' lang='lat' dir='ltr'>fecerit</span> <span class='ocrx_word' id='word_1_113' title='bbox 821 1833 890 1912; x_wconf 81' lang='lat' dir='ltr'>ipsa</span> <span class='ocrx_word' id='word_1_114' title='bbox 904 1836 1009 1896; x_wconf 81' lang='lat' dir='ltr'>venire.</span> 
     </span>
    </p>

    <p class='ocr_par' dir='ltr' id='par_1_6' title="bbox 201 1925 983 1990">
     <span class='ocr_line' id='line_1_18' title="bbox 201 1925 983 1990; baseline 0.003 -4"><span class='ocrx_word' id='word_1_115' title='bbox 201 1925 285 1988; x_wconf 87' lang='lat' dir='ltr'>Hinc</span> <span class='ocrx_word' id='word_1_116' title='bbox 295 1926 453 1987; x_wconf 89' lang='lat' dir='ltr'>hominem</span> <span class='ocrx_word' id='word_1_117' title='bbox 465 1925 559 1986; x_wconf 92' lang='lat' dir='ltr'>multa</span> <span class='ocrx_word' id='word_1_118' title='bbox 573 1927 647 1987; x_wconf 87' lang='lat' dir='ltr'>recti</span> <span class='ocrx_word' id='word_1_119' title='bbox 658 1925 845 1986; x_wconf 88' lang='lat' dir='ltr'>assuetudine</span> <span class='ocrx_word' id='word_1_120' title='bbox 858 1927 983 1990; x_wconf 85' lang='lat' dir='ltr'>firmum</span> 
     </span>
    </p>

    <p class='ocr_par' dir='ltr' id='par_1_7' title="bbox 159 2019 894 2104">
     <span class='ocr_line' id='line_1_19' title="bbox 159 2019 894 2104; baseline -0.005 -20"><span class='ocrx_word' id='word_1_121' title='bbox 159 2020 253 2084; x_wconf 87' lang='lat' dir='ltr'>Posse</span> <span class='ocrx_word' id='word_1_122' title='bbox 267 2039 432 2104; x_wconf 86' lang='lat' dir='ltr'>repugnare</span> <span class='ocrx_word' id='word_1_123' title='bbox 445 2020 589 2090; x_wconf 84' lang='lat' dir='ltr'>adversis3</span> <span class='ocrx_word' id='word_1_124' title='bbox 606 2040 662 2080; x_wconf 91' lang='lat' dir='ltr'>nec</span> <span class='ocrx_word' id='word_1_125' title='bbox 675 2021 781 2080; x_wconf 91' lang='lat' dir='ltr'>cedere</span> <span class='ocrx_word' id='word_1_126' title='bbox 793 2019 894 2099; x_wconf 89' lang='lat' dir='ltr'>poenis</span> 
     </span>
    </p>

    <p class='ocr_par' dir='ltr' id='par_1_8' title="bbox 161 2107 1037 2384">
     <span class='ocr_line' id='line_1_20' title="bbox 162 2107 1037 2195; baseline -0.002 -20"><span class='ocrx_word' id='word_1_127' title='bbox 162 2113 248 2194; x_wconf 87' lang='lat' dir='ltr'>Quas</span> <span class='ocrx_word' id='word_1_128' title='bbox 258 2115 432 2195; x_wconf 84' lang='lat' dir='ltr'>superandae</span> <span class='ocrx_word' id='word_1_129' title='bbox 446 2114 555 2174; x_wconf 86' lang='lat' dir='ltr'>animae</span> <span class='ocrx_word' id='word_1_130' title='bbox 569 2107 625 2195; x_wconf 88' lang='lat' dir='ltr'>per</span> <span class='ocrx_word' id='word_1_131' title='bbox 638 2133 760 2174; x_wconf 87' lang='lat' dir='ltr'>carnem</span> <span class='ocrx_word' id='word_1_132' title='bbox 773 2114 950 2177; x_wconf 78' lang='lat' dir='ltr'>admoverit</span> <span class='ocrx_word' id='word_1_133' title='bbox 962 2115 1037 2176; x_wconf 78' lang='lat' dir='ltr'>hostis</span> 
     </span>
     <span class='ocr_line' id='line_1_21' title="bbox 161 2196 843 2288; baseline 0.001 -21"><span class='ocrx_word' id='word_1_134' title='bbox 161 2207 281 2268; x_wconf 81' lang='lat' dir='ltr'>Auxilio</span> <span class='ocrx_word' id='word_1_135' title='bbox 296 2207 471 2268; x_wconf 86' lang='lat' dir='ltr'>abscedente</span> <span class='ocrx_word' id='word_1_136' title='bbox 486 2196 569 2268; x_wconf 86' lang='lat' dir='ltr'>Dei:</span> <span class='ocrx_word' id='word_1_137' title='bbox 562 2227 634 2284; x_wconf 87' lang='lat' dir='ltr'>·qur</span> <span class='ocrx_word' id='word_1_138' title='bbox 625 2207 763 2268; x_wconf 87' lang='lat' dir='ltr'>deserat</span> <span class='ocrx_word' id='word_1_139' title='bbox 774 2219 843 2288; x_wconf 89' lang='lat' dir='ltr'>apte</span> 
     </span>
     <span class='ocr_line' id='line_1_22' title="bbox 161 2299 835 2408; baseline 0 -49"><span class='ocrx_word' id='word_1_140' title='bbox 161 2299 345 2379; x_wconf 87' lang='lat' dir='ltr'>Utiliterque</span> <span class='ocrx_word' id='word_1_141' title='bbox 358 2321 447 2374; x_wconf 81' lang='lat' dir='ltr'>suos,</span> <span class='ocrx_word' id='word_1_142' title='bbox 463 2312 495 2358; x_wconf 92' lang='lat' dir='ltr'>ut</span> <span class='ocrx_word' id='word_1_143' title='bbox 508 2301 555 2360; x_wconf 90' lang='lat' dir='ltr'>de</span> <span class='ocrx_word' id='word_1_144' title='bbox 556 2301 719 2361; x_wconf 82' lang='lat' dir='ltr'>certamine</span> <span class='ocrx_word' id='word_1_145' title='bbox 732 2301 835 2408; x_wconf 85' lang='lat' dir='ltr'>agonis</span> 
     </span>
    </p>

    <p class='ocr_par' dir='ltr' id='par_1_9' title="bbox 140 2391 904 2570">
     <span class='ocr_line' id='line_1_23' title="bbox 163 2391 883 2475; baseline 0 -21"><span class='ocrx_word' id='word_1_146' title='bbox 163 2391 311 2472; x_wconf 83' lang='lat' dir='ltr'>Quaesitas</span> <span class='ocrx_word' id='word_1_147' title='bbox 325 2393 454 2452; x_wconf 84' lang='lat' dir='ltr'>reserant</span> <span class='ocrx_word' id='word_1_148' title='bbox 465 2393 580 2474; x_wconf 84' lang='lat' dir='ltr'>palmas</span> <span class='ocrx_word' id='word_1_149' title='bbox 594 2417 601 2452; x_wconf 76' lang='grc' dir='ltr'><strong>ι</strong></span> <span class='ocrx_word' id='word_1_150' title='bbox 614 2413 653 2453; x_wconf 90' lang='lat' dir='ltr'>ne</span> <span class='ocrx_word' id='word_1_151' title='bbox 665 2391 790 2454; x_wconf 82' lang='lat' dir='ltr'>nulla</span> <span class='ocrx_word' id='word_1_152' title='bbox 759 2413 883 2475; x_wconf 88' lang='lat' dir='ltr'>prorum</span> 
     </span>
     <span class='ocr_line' id='line_1_24' title="bbox 140 2483 926 2570; baseline 0.007 -25"><span class='ocrx_word' id='word_1_153' title='bbox 140 2561 144 2570; x_wconf 26' lang='lat'><strong><em>³</em></strong></span> <span class='ocrx_word' id='word_1_154' title='bbox 162 2483 231 2545; x_wconf 86' lang='lat' dir='ltr'>Srnt</span> <span class='ocrx_word' id='word_1_155' title='bbox 241 2496 366 2558; x_wconf 75' lang='lat' dir='ltr'>merite</span> <span class='ocrx_word' id='word_1_156' title='bbox 378 2497 409 2544; x_wconf 86' lang='lat' dir='ltr'>et</span> <span class='ocrx_word' id='word_1_157' title='bbox 420 2505 500 2549; x_wconf 80' lang='lat' dir='ltr'>verae</span> <span class='ocrx_word' id='word_1_158' title='bbox 512 2488 667 2568; x_wconf 78' lang='lat' dir='ltr'>prirentur</span> <span class='ocrx_word' id='word_1_159' title='bbox 677 2486 773 2548; x_wconf 77' lang='lat' dir='ltr'>laudis</span> <span class='ocrx_word' id='word_1_160' title='bbox 783 2487 926 2550; x_wconf 88' lang='lat' dir='ltr'>honore</span> 
     </span>
    </p>

    <p class='ocr_par' dir='ltr' id='par_1_10' title="bbox 161 2576 909 2670">
     <span class='ocr_line' id='line_1_25' title="bbox 161 2576 909 2670; baseline 0.007 -34"><span class='ocrx_word' id='word_1_161' title='bbox 161 2576 197 2637; x_wconf 88' lang='lat' dir='ltr'>Si</span> <span class='ocrx_word' id='word_1_162' title='bbox 209 2577 291 2656; x_wconf 92' lang='lat' dir='ltr'>quod</span> <span class='ocrx_word' id='word_1_163' title='bbox 302 2589 413 2638; x_wconf 87' lang='lat' dir='ltr'>naturae</span> <span class='ocrx_word' id='word_1_164' title='bbox 426 2597 512 2640; x_wconf 88' lang='lat' dir='ltr'>sensu</span> <span class='ocrx_word' id='word_1_165' title='bbox 525 2581 709 2670; x_wconf 82' lang='lat' dir='ltr'>noluntque,</span> <span class='ocrx_word' id='word_1_166' title='bbox 725 2581 909 2661; x_wconf 80' lang='lat' dir='ltr'>voluntque,</span> 
     </span>
    </p>
   </div>
   <div class='ocr_carea' id='block_1_3' title="bbox 161 2669 1039 3254">
    <p class='ocr_par' dir='ltr' id='par_1_11' title="bbox 162 2669 868 2762">
     <span class='ocr_line' id='line_1_26' title="bbox 162 2669 868 2762; baseline 0.003 -30"><span class='ocrx_word' id='word_1_167' title='bbox 162 2669 383 2762; x_wconf 87' lang='lat' dir='ltr'>Praeceptisque</span> <span class='ocrx_word' id='word_1_168' title='bbox 397 2685 500 2733; x_wconf 88' lang='lat' dir='ltr'>tenent</span> <span class='ocrx_word' id='word_1_169' title='bbox 511 2673 675 2757; x_wconf 82' lang='lat' dir='ltr'>legalibus</span> <span class='ocrx_word' id='word_1_170' title='bbox 668 2675 868 2750; x_wconf 80' lang='lat' dir='ltr'>rusinuatum‚</span> 
     </span>
    </p>

    <p class='ocr_par' dir='ltr' id='par_1_12' title="bbox 161 2749 860 2878">
     <span class='ocr_line' id='line_1_27' title="bbox 161 2749 860 2878; baseline 0.006 -52"><span class='ocrx_word' id='word_1_171' title='bbox 161 2749 270 2829; x_wconf 71' lang='lat' dir='ltr'>bivini</span> <span class='ocrx_word' id='word_1_172' title='bbox 279 2766 379 2836; x_wconf 73' lang='lat' dir='ltr'>ausilii</span> <span class='ocrx_word' id='word_1_173' title='bbox 394 2785 499 2826; x_wconf 91' lang='lat' dir='ltr'>manus</span> <span class='ocrx_word' id='word_1_174' title='bbox 510 2767 569 2829; x_wconf 90' lang='lat' dir='ltr'>boc</span> <span class='ocrx_word' id='word_1_175' title='bbox 581 2781 723 2878; x_wconf 87' lang='lat' dir='ltr'>operetur</span> <span class='ocrx_word' id='word_1_176' title='bbox 736 2770 767 2829; x_wconf 89' lang='lat' dir='ltr'>iu</span> <span class='ocrx_word' id='word_1_177' title='bbox 779 2769 860 2830; x_wconf 89' lang='lat' dir='ltr'>illis:</span> 
     </span>
    </p>

    <p class='ocr_par' dir='ltr' id='par_1_13' title="bbox 163 2846 804 2925">
     <span class='ocr_line' id='line_1_28' title="bbox 163 2846 804 2925; baseline 0.003 -3"><span class='ocrx_word' id='word_1_178' title='bbox 163 2858 230 2922; x_wconf 87' lang='lat' dir='ltr'>Ceu</span> <span class='ocrx_word' id='word_1_179' title='bbox 243 2860 314 2920; x_wconf 89' lang='lat' dir='ltr'>solis</span> <span class='ocrx_word' id='word_1_180' title='bbox 328 2857 441 2920; x_wconf 81' lang='lat' dir='ltr'>Christi</span> <span class='ocrx_word' id='word_1_181' title='bbox 454 2846 573 2923; x_wconf 80' lang='lat' dir='ltr'>famulis</span> <span class='ocrx_word' id='word_1_182' title='bbox 582 2863 690 2924; x_wconf 79' lang='lat' dir='ltr'>virtute</span> <span class='ocrx_word' id='word_1_183' title='bbox 702 2883 804 2925; x_wconf 88' lang='lat' dir='ltr'>carere</span> 
     </span>
    </p>

    <p class='ocr_par' dir='ltr' id='par_1_14' title="bbox 162 2951 1039 3068">
     <span class='ocr_line' id='line_1_29' title="bbox 162 2951 1039 3068; baseline 0.003 -55"><span class='ocrx_word' id='word_1_184' title='bbox 162 2951 210 3013; x_wconf 86' lang='lat' dir='ltr'>Sit</span> <span class='ocrx_word' id='word_1_185' title='bbox 222 2954 362 3036; x_wconf 83' lang='lat' dir='ltr'>dignum,</span> <span class='ocrx_word' id='word_1_186' title='bbox 373 2968 470 3016; x_wconf 86' lang='lat' dir='ltr'>etuon</span> <span class='ocrx_word' id='word_1_187' title='bbox 481 2976 570 3038; x_wconf 80' lang='lat' dir='ltr'>posse</span> <span class='ocrx_word' id='word_1_188' title='bbox 577 2959 692 3068; x_wconf 77' lang='lat' dir='ltr'>probos</span> <span class='ocrx_word' id='word_1_189' title='bbox 702 2958 937 3040; x_wconf 86' lang='lat' dir='ltr'>apprehendere</span> <span class='ocrx_word' id='word_1_190' title='bbox 951 2977 1039 3018; x_wconf 79' lang='lat' dir='ltr'>more</span> 
     </span>
    </p>

    <p class='ocr_par' dir='ltr' id='par_1_15' title="bbox 162 3045 1022 3229">
     <span class='ocr_line' id='line_1_30' title="bbox 162 3045 1022 3143; baseline 0.007 -35"><span class='ocrx_word' id='word_1_191' title='bbox 162 3045 251 3136; x_wconf 81' lang='lat' dir='ltr'>Quos¹</span> <span class='ocrx_word' id='word_1_192' title='bbox 265 3047 450 3143; x_wconf 84' lang='lat' dir='ltr'>plerumque</span> <span class='ocrx_word' id='word_1_193' title='bbox 457 3051 589 3141; x_wconf 88' lang='lat' dir='ltr'>habeant</span> <span class='ocrx_word' id='word_1_194' title='bbox 601 3053 692 3132; x_wconf 86' lang='lat' dir='ltr'>etiam</span> <span class='ocrx_word' id='word_1_195' title='bbox 711 3052 870 3114; x_wconf 88' lang='lat' dir='ltr'>simulacra</span> <span class='ocrx_word' id='word_1_196' title='bbox 883 3055 1022 3116; x_wconf 77' lang='lat' dir='ltr'>colentes</span> 
     </span>
     <span class='ocr_line' id='line_1_31' title="bbox 202 3133 973 3254; baseline 0.013 -53.065"><span class='ocrx_word' id='word_1_197' title='bbox 202 3139 290 3254; x_wconf 36' lang='lat' dir='ltr'>{salia</span> <span class='ocrx_word' id='word_1_198' title='bbox 301 3133 412 3224; x_wconf 83' lang='lat' dir='ltr'>lingua</span> <span class='ocrx_word' id='word_1_199' title='bbox 412 3165 554 3227; x_wconf 73' lang='lat' dir='ltr'>procer</span> <span class='ocrx_word' id='word_1_200' title='bbox 534 3147 633 3211; x_wconf 83' lang='lat' dir='ltr'>verbis</span> <span class='ocrx_word' id='word_1_201' title='bbox 646 3167 715 3210; x_wconf 90' lang='lat' dir='ltr'>cum</span> <span class='ocrx_word' id='word_1_202' title='bbox 728 3147 848 3209; x_wconf 83' lang='lat' dir='ltr'>fundit</span> <span class='ocrx_word' id='word_1_203' title='bbox 839 3151 973 3229; x_wconf 74' lang='lat' dir='ltr'>ineptis,</span> 
     </span>
    </p>
   </div>
   <div class='ocr_carea' id='block_1_4' title="bbox 0 0 1056 3846">
    <p class='ocr_par' dir='ltr' id='par_1_16' title="bbox 0 0 1056 3846">
     <span class='ocr_line' id='line_1_32' title="bbox 0 0 1056 3846; baseline 0 0"><span class='ocrx_word' id='word_1_204' title='bbox 0 0 1056 3846; x_wconf 95' lang='lat' dir='ltr'> </span> 
     </span>
    </p>
   </div>
  </div>
 </body>
</html>
