2198 3844
43 351 67 388 v.
85 325 160 411 157.
274 335 447 392 cnnmmt
480 337 713 392 nascente.
893 323 940 395 '55

47 433 196 495 Divinum
210 431 371 494 simulastis
386 451 470 513 opus.
487 429 538 492 Sic
552 443 690 512 tempore
704 430 787 494 lllosi

55 526 250 590 Carminibus
265 527 393 605 quidam
400 525 485 586 vanis
499 523 678 606 Memphitis
690 526 722 586 in
735 525 797 586 oris

45 618 130 703 Signa
140 621 254 680 dabant
266 639 328 679 non
340 632 448 700 sponte
462 617 545 695 Dei,
560 619 613 679 sed
627 619 762 704 imagine
777 619 854 684 salsa

44 713 162 774 Visibus
175 712 316 782 humanis
330 713 460 794 magicas
474 709 606 773 tribuere
620 712 742 794 figuras.

83 805 154 868 Post
169 803 391 866 Pharisaeorum
405 806 559 886 eujusdam
571 805 717 888 principis
728 808 821 868 intrat

49 895 218 961 Clarificare
232 900 377 973 domum,
393 919 455 958 non
466 918 565 960 escam
577 919 696 960 sumere
709 913 845 979 tanturn,

46 993 93 1052 At
106 1013 197 1072 quam
209 997 284 1053 tone*
293 991 376 1053 facili
385 999 567 1054 convenerat
580 991 631 1052 ille
645 1007 779 1074 precatu.

47 1087 108 1150 llic
117 1087 215 1146 homo
230 1086 391 1167 perspicuo
407 1086 549 1148 distentus
562 1099 667 1147 ventre
678 1087 815 1148 tumebat

45 1179 156 1240 Plenns
166 1200 271 1260 aquae,
285 1179 495 1261 gravidamque
508 1191 609 1240 cutem
621 1181 818 1260 suspenderat
831 1181 921 1246 alent
991 1195 996 1210 ¹

46 1272 195 1334 Inclusam
208 1271 342 1354 paritura
354 1293 461 1334 necem
474 1294 482 1344 ;
497 1275 560 1353 jam
574 1272 713 1332 membra
727 1271 883 1353 fluebant,

44 1367 243 1429 Aocrescente
255 1365 338 1440 sinu,
351 1365 647 1445 miserosque-inlusa
659 1386 714 1446 per
725 1380 807 1431 artus
929 1369 932 1378 '

44 1459 178 1544 Turgida
192 1457 350 1540 perflatum
363 1459 474 1521 macies
487 1472 659 1520 tenuaverat
672 1482 804 1544 agrurn,

44 1552 141 1634 lnque
154 1553 233 1613 uteri
244 1553 371 1634 spatium
384 1566 462 1632 totus
474 1566 654 1615 convenerat
664 1555 812 1637 hydrops.
871 1552 874 1560 ’
950 1621 953 1625 ,

43 1644 120 1708 Non
132 1646 201 1706 tulit
213 1647 289 1708 hanc
299 1646 432 1728 speciem
444 1648 548 1706 mundi
565 1645 652 1707 Pater
664 1654 675 1722 ,'
687 1660 716 1707 et
729 1667 781 1708 sua
795 1650 904 1712 transit

46 1739 179 1802 Sabbata
187 1761 250 1800 non
263 1761 383 1815 curans,
396 1741 553 1801 hominem
566 1761 669 1802 curare
682 1753 820 1821 paratus,

47 1834 154 1914 Quem
165 1833 262 1896 voluit
273 1836 438 1917 magiscsse
450 1855 560 1895 suum:
581 1853 653 1894 narn
671 1833 794 1896 sabbata
813 1849 941 1917 propter
1003 1863 1008 1868 ·

47 1926 258 1992 Conditasnnt
267 1927 437 2002 hominem,
447 1929 570 1988 sednon
579 1925 671 1991 homo
679 1927 941 2010 sabbatapropter.

44 2021 136 2084 Tunc
147 2022 216 2104 pius
229 2020 405 2082 humentem
418 2022 526 2084 siccata
539 2021 678 2100 corporis
689 2021 769 2079 unda

47 2116 68 2176 J
72 2117 144 2178 ussit
157 2117 242 2177 abire
254 2115 335 2176 luem
350 2139 357 2174 ι
370 2113 480 2175 fluidus
492 2134 564 2174 mox
575 2113 693 2174 viscera
706 2111 832 2172 morbus

48 2209 193 2295 Deserit,
207 2223 237 2270 et
247 2229 347 2271 vacuae
361 2209 491 2270 resident
506 2208 536 2266 in
551 2218 674 2288 pectore
689 2205 792 2280 fibrae,
890 2203 893 2209 ’

51 2302 277 2382 Camalemque
291 2303 391 2365 laeum
404 2301 496 2383 pestis
509 2299 664 2383 lymphata
677 2298 808 2378 reliquit.

93 2393 240 2478 Coeperat
253 2396 366 2457 interea
376 2394 551 2468 Dominus,
568 2391 695 2454 Galilaea
717 2411 774 2472 per
788 2411 858 2452 arva

48 2490 411 2573 Transgrediem,suncto
422 2487 574 2568 quoddam
585 2487 663 2568 pede
672 2498 793 2568 tangere
803 2497 942 2548 castrum.

54 2583 146 2647 Hunc
157 2581 267 2665 procul
279 2595 311 2642 ut
323 2583 424 2645 ridere
438 2581 544 2641 decern
558 2578 711 2640 maculosa
723 2591 860 2660 gerentes

53 2674 183 2758 Leprosi
196 2687 335 2756 portenta
348 2675 404 2737 viri
416 2718 425 2750 ,
439 2694 515 2754 quos
524 2691 657 2754 corpore
669 2671 751 2736 toto

53 2767 200 2832 Discolor
213 2769 361 2830 ohsooenis
373 2767 513 2848 turpabat
522 2784 612 2847 poena
624 2763 742 2846 liguris,

52 2859 230 2944 Praeceptor
241 2905 250 2938 ‚
260 2860 408 2923 miserete
419 2906 428 2937 ‚
441 2873 527 2942 potes
539 2877 669 2937 namque
682 2856 802 2935 omnia,
820 2857 915 2938 Jesu,

51 2953 233 3020 Clamantes
245 2957 346 3018 dixere
359 2956 448 3019 simul
462 2981 469 3018 ι
486 2969 556 3017 tunc
567 2952 643 3014 llexa
654 2965 800 3034 potestas,

52 3049 136 3131 Quae
149 3071 307 3131 nunquam
319 3051 428 3132 pietate
442 3063 545 3125 vacat,
560 3045 739 3110 clementior
751 3046 838 3109 inte:
875 3051 884 3072 '¹

51 3141 122 3225 lte,
134 3145 330 3211 sacerdotum
344 3143 553 3228 conspectibus
564 3159 617 3202 ora
630 3139 750 3205 referte.
