2102 3846
123 317 181 380 150
332 323 443 378 nnc.
477 313 550 378 nn.
584 327 741 382 Av1r1
886 317 1001 384 aaut.

121 422 319 502 Quapropter
331 419 470 496 tandem,
483 420 592 481 librato
605 422 741 482 examine
754 422 835 499 reri,

122 513 285 584 Praeteritae
298 513 366 575 ritae
378 525 491 574 sortem
501 514 644 596 dependit
656 528 799 597 uterque,

122 606 337 686 permutatque
348 607 444 677 vices3
458 619 488 667 et
496 620 527 668 te
538 610 600 690 jam
613 609 721 671 sufficit
733 609 842 691 amplis

53 697 57 704 ’
120 699 292 761 Exundasse
305 701 392 760 bonis
405 724 413 760 r
427 701 541 762 laetetur
552 703 612 764 line
621 703 782 765 malorum.

123 791 188 872 Qui
201 793 296 854 doluit
311 795 424 874 coeptis.
438 793 514 856 Non
527 799 642 878 estjam
655 798 801 859 terminus
812 797 902 858 ultra.

120 888 248 968 Insuper
258 887 409 948 horrendo
424 888 515 970 cingit
525 891 577 969 qui
590 892 709 952 tramite
720 892 826 968 limes,

120 980 162 1041 Et
175 981 263 1044 chaos
277 982 429 1064 objectum
442 981 503 1043 lato
517 984 669 1068 distinguit
681 985 781 1061 hiatu,

121 1075 197 1137 Nou
210 1077 281 1136 sinit
291 1076 443 1159 abjunctas
456 1077 577 1140 misceri
590 1079 701 1140 foedere
713 1090 833 1159 partes,
882 1139 886 1146 ,

121 1171 343 1251 Accessnmque
356 1183 458 1254 negat,
472 1171 515 1233 sic
528 1173 615 1234 vobis
628 1192 766 1260 semper,
781 1183 813 1231 nt
828 1169 904 1231 istis.

163 1263 219 1324 llle
233 1284 355 1347 gemens
368 1283 478 1328 vanum
491 1265 619 1344 repetita
630 1285 703 1327 voce
718 1277 876 1346 precatur,

123 1357 158 1418 Si
171 1357 216 1418 nil
228 1371 296 1437 post
308 1357 424 1417 obitum
437 1358 561 1437 prodest
575 1358 735 1420 commissa
747 1357 853 1430 fateri,

122 1449 192 1511 Nec
202 1463 252 1508 tua
265 1461 396 1508 mutatur
408 1449 472 1508 fixis
485 1451 633 1511 sententia
644 1451 759 1526 verbis,

123 1541 196 1603 Hoc
207 1542 339 1622 cencede
351 1541 444 1618 mihi,
457 1543 540 1604 nulla
554 1545 635 1622 quod
649 1543 712 1626 lege
723 1556 848 1605 vetatur.

123 1635 245 1696 Fratres
258 1635 389 1714 quinque
401 1638 494 1696 modo
505 1637 660 1699 discedens
673 1638 739 1700 luce
752 1635 881 1715 reliqui;

123 1726 182 1788 His
195 1740 266 1810 peto
280 1727 414 1789 mittatur
427 1729 477 1807 qui
488 1730 572 1792 rivos
583 1730 731 1813 corrigat,
745 1741 813 1789 ante

122 1820 161 1882 In
174 1832 325 1890 tormenta
335 1823 442 1884 cadant
452 1841 543 1902 qnam
554 1823 625 1884 talia
636 1841 725 1885 carne
735 1821 835 1882 soluti.

123 1904 209 1976 Nam
220 1913 356 1992 quamvis
366 1916 441 1976 duro
455 1916 613 1996 persistant
625 1917 716 1977 corde
727 1911 874 1986 rebelles,

127 2005 162 2067 Si
174 2021 275 2069 tamen
291 2007 443 2070 obstructa
454 2009 611 2088 quisquam
626 2010 663 2069 de
676 2019 775 2068 morte
786 2005 923 2080 rediret,

79 2107 84 2114 “
127 2096 260 2161 Credent
271 2113 411 2180 experto,
424 2121 584 2181 poenasque
597 2091 879 2175 intraretimebnut.

125 2189 181 2250 llle
193 2192 314 2271 quidem
327 2213 454 2270 poscens
467 2192 608 2254 ellectum
620 2213 683 2253 nnn
696 2193 776 2273 capit
785 2189 892 2250 ullum.

125 2282 156 2342 N
161 2302 194 2342 ns
207 2295 324 2356 autern,
341 2285 412 2342 dnm
426 2285 485 2346 vita
498 2298 617 2359 manet,
631 2287 703 2346 dum
720 2285 786 2346 luce
800 2283 957 2365 vigemus,

127 2371 217 2447 Olim
231 2373 363 2434 defuncti
378 2388 528 2453 perterret
539 2378 661 2439 nuntius
671 2377 779 2452 Adam.

125 2463 211 2526 Dnin
224 2467 308 2525 loeus
320 2479 363 2525 est
373 2465 466 2527 flendi
476 2472 574 2543 „dum
586 2490 649 2532 non
662 2472 770 2552 injusta
781 2481 948 2550 petuntur,

125 2559 201 2641 Non
215 2559 359 2622 obturatis
371 2559 505 2642 pulsatur
516 2566 605 2644 janna
616 2565 715 2626 serris.

75 2649 78 2656 ’
167 2651 319 2716 Novimus
332 2673 370 2714 en
380 2654 496 2730 cuncti,
512 2656 582 2734 qnid
597 2658 715 2738 primus
725 2653 873 2736 planxerit
886 2651 963 2730 ille,

131 2743 197 2823 Qui
211 2747 313 2828 pulsus
326 2736 423 2828 prisca
432 2748 556 2810 nescirit
566 2751 636 2810 sede
647 2749 765 2811 reverti.

133 2837 278 2917 Namque
291 2841 409 2901 obitum
422 2843 583 2921 quemdam
595 2863 663 2907 casu
675 2857 739 2903 tum
750 2840 876 2922 pertulit
887 2839 977 2920 ipso,

132 2929 256 2992 Perdita
267 2953 306 2993 ne
323 2935 461 3014 precibus
473 2935 647 3021 lacrymisve
659 2937 814 2998 reduceret
827 2931 907 2994 ullis.

128 3024 175 3086 Ex
185 3039 256 3088 tunc
269 3025 414 3108 paulatim
425 3041 506 3092 retro
519 3030 658 3112 sublapsa
670 3027 777 3090 referri

130 3116 202 3181 Vita
212 3121 316 3202 prior,
331 3121 478 3204 coepitque
491 3125 578 3186 malis
586 3123 835 3203 laxatapotestas.
