2198 3844
132 298 180 362 28·
375 312 522 368 umurr
556 310 761 366 suo-nun
921 306 1021 390 v.47;

133 403 213 484 Quae
226 429 304 471 nova
316 410 364 472 lux
378 409 507 482 mundo,
520 427 586 488 quae
597 408 768 490 toto'gratia
783 407 881 472 coelo?

136 499 215 579 Quis
229 503 283 563 fuir
296 503 348 564 ille
362 505 462 578 nitor,
477 500 584 562 Mariee
595 521 664 563 curn
678 499 866 565 Christusab
878 503 948 568 alvo

131 591 283 657 Processit
295 597 456 678 splendore
467 596 567 658 novo?
583 593 674 656 Velut
687 594 752 676 ipse
764 597 876 658 decoro

131 685 267 769 Sponsus
279 711 370 754 ovans
382 691 532 766 thalamo,
546 690 645 752 torma
656 690 808 770 speciosus
821 710 947 756 amoena·

130 778 286 845 Proe·natis
298 785 479 874 hominurn,x
489 786 572 870 cujus
585 784 717 845 radiante
728 785 820 868 figura

129 874 280 940 Blandior
292 880 324 939 in
337 879 425 940 labiis
433 879 541 963 flisiusa
554 893 597 940 est
608 879 701 964 gratla
712 879 853 960 pulchris.

131 968 163 1032 Ο
175 971 271 1034 facilis
288 965 399 1055 pietasl
413 995 451 1034 ne
465 993 521 1034 uos
531 973 639 1035 servile
652 984 776 1034 teneret·

128 1061 258 1128 Peccato
272 1068 447 1128 dominante
459 1070 581 1150 jugum,
593 1059 878 1130 serviliasummus

129 1156 273 1220 Membra
285 1161 352 1222 tulit
366 1161 538 1237 Dominus,
553 1160 706 1242 primique
719 1162 757 1221 ab
769 1163 885 1246 origine
896 1169 1008 1227 mundi

130 1250 248 1316 Omnia
258 1256 310 1336 qui
324 1257 457 1337 propriis
473 1256 558 1316 vestit
571 1255 823 1318 nascentiadouis
836 1301 855 1333 ,.

126 1344 257 1408 'Obsitus
270 1349 380 1431 exiguis
391 1349 494 1410 habuit
507 1347 657 1409 velamina
670 1349 776 1429 pannis
791 1374 797 1410 :

131 1437 295 1519 Quemque
308 1442 471 1523 procellosi
485 1462 546 1502 non
561 1441 684 1502 mobilis
694 1445 774 1504 unda
786 1445 961 1525 profundiq.

129 1533 294 1596 Terrarum
307 1557 369 1596 non
384 1556 475 1597 omne
488 1535 604 1610 solum,
619 1537 807 1617 spatiosaque
821 1536 873 1598 lati

128 1625 204 1688 Non
216 1629 295 1710 capit
309 1629 375 1690 aula
389 1629 469 1711 poli,
484 1623 640 1710 puerili'in
653 1651 782 1712 corpore
795 1631 902 1712 plenus

24 1759 26 1763 -
129 1718 262 1798 Mansit,
278 1735 306 1784 et
318 1739 440 1808 augusto
455 1724 540 1787 Deus
552 1724 584 1785 in
597 1745 734 1806 praesepe
746 1726 868 1806 quievit.

171 1813 277 1893 Salve,
292 1830 393 1880 sancta
405 1840 533 1900 parens,
548 1819 634 1878 enixa
646 1839 796 1900 puerpera
809 1839 933 1902 regem,

131 1909 197 1992 Qui
209 1913 334 1988 o'oelum,
350 1926 520 1992 terramque
530 1925 612 1973 tenet
624 1933 680 1995 per
692 1913 809 1988 secula,
823 1915 905 1995 cujus

128 2003 272 2085 Numen,
286 2020 315 2068 et
327 2019 441 2069 aeteruo
455 1995 661 2088 complectens
673 2007 776 2068 omnia
788 2027 863 2090 gyro

127 2099 296 2182 Imperium
306 2104 371 2164 siue
383 2104 444 2164 line
455 2115 575 2177 manet,
590 2123 655 2181 quae
668 2113 772 2161 ventre
783 2102 872 2162 beato

126 2191 248 2255 Gaudia
261 2197 364 2256 matris
376 2196 489 2256 habens
499 2216 569 2256 cum
581 2195 755 2276 virginitatis
768 2195 884 2256 honore
899 2239 909 2269 ‚

129 2285 199 2349 Nec
212 2289 342 2367 primam
350 2288 483 2350 similem
496 2289 556 2348 visa
571 2308 617 2362 es,
632 2309 689 2350 uec
702 2289 814 2350 habere
827 2303 1014 2370 sequentem:

131 2377 203 2440 Sola
217 2382 281 2441 sine
295 2382 432 2463 exemplo
444 2381 581 2463 placuisti
596 2381 714 2442 semina
725 2380 857 2467 Christo.

171 2472 262 2536 'l'uuc
274 2476 356 2556 prius
367 2477 476 2559 ignaris
486 2475 655 2558 pastoribus
669 2475 719 2536 ille
732 2489 848 2538 creatus

129 2565 263 2644 Euituit‚
278 2570 351 2648 quia
359 2583 462 2651 pastor
472 2583 555 2640 erat,
569 2569 764 2652 gregibusque
776 2571 892 2632 refulsit

130 2660 250 2744 Agnus,
264 2677 294 2724 et
307 2663 455 2745 angelicus
469 2663 578 2726 cecinit
592 2663 735 2725 miracula
748 2677 850 2725 coetus.

172 2753 258 2816 Talia
269 2755 411 2817 Bethlreis
424 2759 497 2818 dum
510 2757 592 2840 sigua
604 2769 747 2839 geruntur
761 2757 793 2816 in
807 2756 890 2835 oris,

130 2846 189 2909 Eoi
202 2870 310 2911 venere
325 2849 426 2934 Magi,
440 2871 609 2931 servumque
622 2863 788 2933 tyrannum-

134 2941 271 3004 Grandia
284 2944 418 3012 sollicitis
429 2946 605 3027 perturbant
616 2944 720 3004 nuntia
733 2943 838 3022 dictis,

132 3034 268 3103 Judaicis
278 3058 376 3119 nuper
388 3037 510 3120 populis
526 3035 665 3099 Orientis
677 3036 718 3098 ab.
730 3056 782 3098 exc

134 3126 328 3215 Proqeuitum
338 3131 453 3196 fulsisse
465 3133 572 3196 ducem
584 3175 593 3210 ,
605 3131 664 3194 hoe
674 3129 788 3192 eoelitus
801 3143 905 3210 astra,
