2102 3846
158 371 216 433 ι36
393 381 501 433 nuc.
534 379 604 431 un.
640 379 792 433 nv1ur

154 473 404 558 Angitpraescitus
416 475 496 538 ducti
506 495 578 555 quos
590 475 735 535 terminus
747 475 802 537 sevi
816 499 823 534 :

157 569 237 633 Cum
248 581 348 630 tamen
363 570 480 630 eductas
494 569 617 630 infernis
628 570 747 631 sedibus
760 569 879 630 umbras

156 661 353 742 Colloquium
368 663 492 725 miscere
505 675 628 742 putent,
642 661 674 724 'et
687 676 757 730 nota
772 662 893 722 relerre.

155 753 285 838 Spiritus
298 756 409 817 erroris
422 756 473 817 sed
485 757 535 834 qui
547 757 706 818 bacchatur
716 758 748 816 in
759 755 837 833 illis,
858 760 861 766 ’
887 827 891 830 ,

153 851 203 911 Ad
216 849 349 912 consulta
361 864 446 932 parat
458 852 541 912 vanis
552 871 695 932 responsa
707 851 815 936 liguris.

154 941 196 1005 Et
206 965 244 1004 ne
259 957 398 1024 porrecto
409 945 546 1010 dicantur
555 944 668 1028 singula
679 947 772 1007 verbo
785 955 809 1021 ,'

154 1035 297 1099 Praesenti
309 1037 429 1113 illusus,
444 1040 633 1102 damnabitur
644 1039 696 1102 ille
705 1042 831 1123 perenni

153 1129 295 1207 Judicio‚
312 1135 442 1214 quisquis
456 1135 579 1194 vetitum
596 1155 773 1218 cognoscere
787 1144 887 1194 tentat.

196 1224 265 1288 Nec
277 1229 338 1308 jam
349 1227 412 1288 sola
425 1228 480 1288 fuit
493 1230 646 1290 scrutatrix
655 1226 902 1288 Evamalorumz

155 1317 267 1380 Dicam
276 1319 472 1395 nunculiam,
486 1321 537 1380 tali
546 1345 611 1399 quae
622 1335 704 1402 peste
715 1321 872 1392 laborans,

155 1411 196 1473 Et
208 1414 366 1494 conjuncta
377 1413 460 1487 viro,
473 1414 632 1494 proprium
646 1433 708 1474 non
721 1413 826 1474 vicerit
836 1411 938 1470 Adam.

156 1502 306 1568 Peccandi
320 1501 461 1583 quasdam
473 1504 574 1568 servor
586 1509 777 1569 succenderat
788 1505 897 1579 urbes,

160 1597 264 1662 Civica
276 1599 452 1680 permittens
463 1599 563 1661 laxatis
572 1601 697 1664 crimina
710 1599 820 1660 lraenis.

157 1690 290 1754 Incestus
302 1712 359 1773 pro
372 1693 435 1777 lege
449 1693 521 1770 suit,
536 1707 691 1775 totumque
700 1694 795 1756 libido

157 1785 181 1846 J
183 1806 216 1847 us
227 1785 349 1862 habuit,
365 1777 448 1870 regni
460 1789 561 1848 sedem
571 1777 680 1850 melate
692 1787 827 1870 voluptas

159 1879 316 1962 Indigenas
328 1881 459 1962 populos
473 1882 595 1942 domina
609 1883 663 1942 sub
675 1903 763 1944 carne
777 1882 912 1944 tenebat:

159 1970 200 2033 Et
210 1974 355 2036 scelerum
368 1975 484 2050 studio,
500 1975 558 2034 fida
571 1978 651 2054 quod
664 1975 754 2056 plebe
770 1973 873 2038 localis

159 2067 285 2130 Dudum
298 2069 423 2150 parendi
434 2070 584 2151 promptis
597 2070 766 2150 respublica
775 2069 875 2151 jussit,

160 2162 346 2223 Abstinuisse
358 2164 457 2238 nefas,
471 2176 501 2223 et
513 2181 574 2221 non
587 2182 723 2241 peccasse
736 2162 909 2241 pudendum

146 2299 148 2307 ,
164 2253 336 2317 Credebant
347 2275 469 2330 omnes,
485 2255 597 2315 lacinus
609 2273 683 2332 quos
695 2251 826 2334 junxerat
839 2274 942 2314 unum.

161 2347 286 2410 Talibus
299 2345 522 2427 offensusjudex
535 2359 622 2426 atque
633 2347 746 2408 arbiter
758 2347 839 2407 orbis
860 2345 863 2352 ’
933 2340 938 2348 ’

165 2439 244 2506 Cum
256 2441 384 2515 fureret,
397 2438 591 2521 flammasque
605 2440 690 2517 loco,
703 2437 852 2519 finemque
867 2448 988 2521 pararet,

165 2535 338 2616 Quemdam
352 2533 528 2594 dissimilem
542 2536 654 2596 cunctis
666 2579 674 2610 ‚
687 2547 823 2613 tectoque
836 2533 990 2602 latentem,

165 2628 228 2708 Qui
242 2641 312 2690 tunc
330 2627 407 2688 lorte
420 2627 474 2688 luit
488 2629 612 2708 propria
625 2627 798 2710 peregrinus
811 2627 842 2687 in
855 2627 950 2703 urbe,

163 2723 261 2802 Atque
275 2723 352 2783 inter
365 2723 474 2784 multos
485 2719 582 2781 solum
591 2721 634 2783 sic
647 2721 808 2801 alloquitur
818 2720 895 2780 Loth
909 2745 919 2782 ι

165 2813 291 2896 Oppida
305 2817 413 2879 lascivo
424 2816 598 2900 jamdudum
611 2817 700 2897 plena
711 2815 811 2877 lurore
896 2875 901 2882 ,

165 2909 353 2993 Respergunt
365 2911 474 2975 coelum
485 2911 628 2987 maculis,
640 2925 814 2990 nostrasque
829 2908 948 2991 fatigant

164 3002 312 3084 Quamvis
325 3005 488 3066 obstructas
500 3006 645 3067 scelerum
660 2991 843 3066 clamoribus
853 3021 947 3063 aures.

164 3098 309 3160 Imminet
321 3099 441 3160 exitium
456 3123 462 3160 :
475 3101 561 3160 tellus
568 3119 707 3160 succensa
723 3110 804 3158 reatu

164 3197 286 3278 lguibus
296 3193 431 3267 ardebit3
448 3194 606 3275 restinguet
617 3192 750 3253 fulminis
762 3189 860 3251 imber
