2126 3848
1051 77 1052 118 t

124 277 185 342 286
395 275 753 348 odernensi

120 386 190 450 Nec
202 385 317 447 crimen
331 385 401 452 facti
415 385 523 467 recipit
535 405 599 448 non
612 387 704 452 mixta
714 389 873 467 voluntas,

160 479 251 541 Velle
259 482 351 564 magis
363 481 474 542 facinus
483 524 492 554 ‚
502 477 589 564 ¹qnod
602 482 731 544 tolerare
744 497 844 545 nocet.

120 574 173 636 Sic
185 587 285 636 antem
298 576 336 635 ad
348 574 448 637 cordis
460 574 626 654 penetralia
639 590 745 640 cuncta
756 589 942 654 recurrunt,

161 665 211 736 Ui·
220 668 399 750 pierumque
409 667 527 730 animus
539 669 578 730 sit
588 671 653 732 sine
666 691 755 734 carne
767 692 854 745 rens,

119 761 203 824 Dum
216 763 297 842 qnod
308 763 345 823 ah
357 761 468 825 intacto
480 775 631 824 semotum
645 777 687 826 εει
699 783 848 844 corpore,
863 765 949 827 solus

163 852 326 936 Concipit,
340 867 368 914 ει
380 855 465 916 tectis
479 856 612 918 motibus
625 856 704 918 intus
716 856 784 939 agit.
1051 839 1052 902 i

530 947 610 1013 cv,

121 1043 187 1124 Qui
201 1044 277 1105 valet
289 1044 419 1108 adversis
432 1057 587 1106 oneratam
602 1044 711 1106 ducere
724 1043 838 1120 vitam,

110 1208 111 1214 ἵ
164 1138 203 1200 Ει
216 1140 345 1200 tolerare
360 1138 454 1222 magis
466 1135 529 1198 vult
542 1137 638 1210 mala,
655 1157 744 1215 qnam
756 1135 874 1220 fugere.

120 1233 249 1314 Maioris
261 1233 357 1300 multo
365 1245 408 1294 est
420 1231 625 1310 animi,qnam
637 1230 715 1291 serre
728 1249 899 1310 pavescens

161 1327 279 1389 indocti
294 1327 435 1408 injustum
449 1324 595 1406 judicium
608 1322 726 1405 populi.

122 1419 213 1482 Mens
226 1434 256 1482 et
270 1421 352 1482 enirn
367 1432 462 1494 recta,
478 1430 507 1480 ει
519 1417 589 1500 puri
601 1417 659 1478 sibi
671 1417 791 1479 conscia
804 1417 930 1493 cordis,

105 1527 107 1532 “
161 1513 238 1577 'Hoc
249 1513 317 1594 plus
329 1513 527 1595 splendescit,
538 1533 599 1593 quo
614 1511 707 1595 magis
718 1511 870 1572 atteritur.

519 1604 618 1666 LVI.
1051 1663 1052 1693 ,

104 1695 106 1698 ’
129 1698 294 1783 Oppressis
308 1700 426 1781 quoties
438 1700 521 1782 justis
535 1701 728 1761 dominantur
740 1699 838 1778 iniqui
848 1739 869 1774 r
1051 1707 1052 1778 t

166 1793 242 1856 Non
256 1807 299 1856 est
309 1795 406 1876 puniti
417 1792 601 1874 supplicium
614 1794 733 1863 meriti3

128 1886 190 1949 Sed
202 1889 294 1950 virtus
306 1888 375 1947 fidei
388 1887 443 1947 sub
456 1886 508 1946 tali
523 1886 658 1947 examine
672 1886 794 1958 crescit,

171 1980 241 2044 Nec
253 1980 359 2043 servile
372 1994 472 2064 gravat
485 1980 583 2042 libera
596 1981 687 2041 corda
697 1982 809 2062 jugum.

132 2074 220 2137 Solus
234 2088 374 2157 peccator
384 2078 472 2136 servit
484 2073 581 2149 male,
595 2073 728 2152 qni-licet
740 2069 844 2153 amplo

172 2167 284 2228 Utatur
296 2187 407 2249 regno,
421 2180 464 2229 sat
478 2167 570 2228 miser
582 2179 626 2228 est
638 2166 778 2240 famulus,

134 2259 214 2325 Cum
229 2280 316 2321 mens
326 2260 495 2322 carnalis
465 2260 595 2321 nimium
607 2260 781 2320 dominante
790 2269 942 2343 tyranno,

175 2352 238 2414 ’1οι
250 2353 340 2453 servit
351 2354 476 2432 sceptris
492 2353 591 2414 dedita
600 2365 697 2432 ‚quot
708 2352 796 2414 vitiis.

515 2443 637 2506 LVtt.
1051 2511 1052 2518 ἵ

140 2537 270 2620 Optima
282 2548 351 2598 vota
361 2535 450 2613 Deo,
463 2559 593 2617 quorum
606 2553 650 2602 εει
659 2539 767 2600 dator
758 2558 843 2619 ipse,
856 2549 1026 2612 vorentur,
1051 2529 1052 2609 i

185 2631 257 2696 Hoc
267 2633 386 2705 sursum
397 2631 518 2716 dignum
532 2646 576 2694 est
589 2635 650 2711 ire,
665 2634 747 2714 qnod
759 2633 830 2693 inde
842 2633 940 2694 venit.
1051 2617 1052 2698 i

508 2724 656 2788 LVlll.

145 2820 263 2884 Natura
275 2823 469 2904 omnipotens
481 2839 541 2881 nna
553 2833 611 2896 est,
623 2843 689 2900 qnae
701 2833 806 2885 cuncta
819 2819 956 2895 crearit,
1051 2851 1052 2900 p

185 2912 227 2976 Et
239 2915 382 2998 proprie,
397 2914 479 3025 qnod
489 2926 574 2991 sunt,
589 2916 730 2977 omnibns
742 2935 804 2976 esse
818 2913 913 2974 dedit.
1051 2907 1052 2974 i

146 3010 231 3074 Nam
244 3008 389 3091 quidquid
402 3009 501 3074 minus
513 3021 575 3087 est,
590 3029 653 3072 non
665 3019 710 3072 εει
722 3007 824 3086 Dens,
839 3027 858 3068 a
872 3017 966 3089 patre
979 3021 1052 3063 na·

225 3118 289 3166 ium
1051 3119 1052 3122 ’
