2198 3844
42 279 161 345 v227.
271 271 449 326 onumen
484 273 728 326 essentne.
899 262 939 350 57

46 367 226 450 Agnoscens
240 365 398 445 propriam
413 386 574 449 numeroso
588 369 714 452 conjuge
728 366 840 447 vitam,

50 455 147 533 Orat,
165 457 329 518 inexhausti
341 458 433 520 tribui
444 459 502 520 sibi
516 461 594 521 dona
607 459 731 536 lluenti,

51 549 218 612 AEternam
231 553 363 633 positura
373 552 472 627 sitim,
487 574 544 634 qua
557 575 648 616 nemo
661 577 762 618 carere

50 645 169 730 Dignus
184 648 262 721 erit,
278 645 408 708 Domini
422 647 479 708 nisi
493 669 607 710 mersus
617 650 730 732 gurgite
743 647 875 728 Christi,

51 737 351 822 Percipiatplacidas
362 741 490 816 anime,
503 762 565 802 non
577 743 733 824 corporis,
748 745 849 806 undas.

92 835 240 914 Dumque
251 834 296 894 sui
311 834 410 896 media
424 835 555 896 residens
569 836 715 897 testudine
731 835 857 920 templi,

57 926 120 990 Ore
134 941 243 990 tonans
256 928 375 1008 patrio,
389 927 493 989 directi
507 931 543 989 ad
558 929 660 1010 pervia
673 929 757 990 callis

51 1019 215 1084 Errantem
228 1020 376 1102 populum
389 1022 513 1083 monitis
524 1023 670 1084 convertit
684 1022 810 1102 amieiS,

50 1113 132 1178 Ecce
145 1114 335 1190 trahebatur,
348 1133 455 1198 magua
467 1115 595 1196 stipanta
609 1128 747 1192 caterva,

51 1209 166 1292 'l'urpis
180 1207 317 1270 adulterii
329 1207 438 1269 mulier
451 1208 611 1289 lapidanda
623 1222 724 1284 reatu,

50 1303 159 1384 Quam
176 1297 325 1364 Pharisaea
338 1297 444 1362 manus
453 1296 574 1383 placido
585 1298 640 1362 sub
652 1302 751 1383 judice
763 1303 888 1384 sistens,

52 1397 141 1458 Dum
155 1398 300 1457 damnare
314 1407 418 1477 parat,
433 1394 500 1475 plus
513 1394 619 1456 liberat
632 1418 639 1454 :
654 1396 794 1458 omuibus
808 1398 868 1462 illis

54 1489 138 1552 Nam
152 1489 245 1551 simul
257 1489 378 1550 e-turbis
389 1489 516 1570 proprio
528 1490 592 1548 sine
606 1488 733 1551 crimine
745 1489 857 1574 nullus·

53 1588 222 1648 Accusator
230 1596 311 1659 erat,
325 1603 426 1644 saxum
438 1581 489 1662 qui
501 1573 614 1642 missile
627 1583 744 1664 primus

55 1677 220 1753 Sumeret,
235 1677 381 1738 obscoenus
394 1676 504 1736 seriens
516 1675 650 1760 contagia
659 1678 792 1740 moechae,

52 1773 124 1836 Nec
135 1771 422 1856 poteratqquisquar‘n
434 1770 575 1831 festucam
587 1770 714 1832 evellere
728 1789 853 1852 parvam

52 1867 99 1930 Ex
113 1865 205 1929 oculo
216 1863 355 1940 alterius,
369 1864 496 1946 proprio
508 1863 559 1942 qni
572 1862 686 1924 lumine
699 1866 843 1946 grandem

53 1961 155 2023 Sciret
168 1960 266 2020 inesse
274 1957 402 2018 trabem.
416 1949 616 2039 Prolugustsie
629 1957 681 2017 ille
693 1953 814 2018 recessit

52 2053 258 2137 Impetus,·et
271 2051 402 2114 clemens
414 2045 505 2110 donat
518 2049 663 2110 sententia
677 2044 816 2130 culpam,

54 2147 130 2208 Jam
142 2166 207 2210 nou
221 2140 366 2226 peccandi
384 2141 437 2204 suli
452 2137 624 2220 conditione
640 2141 778 2204 solutam.

55 2239 141 2302 Nam
153 2238 304 2302 vomitum
317 2238 485 2319 quicunque
497 2257 584 2297 suum
597 2236 678 2299 canis
693 2257 745 2299 ore
759 2237 918 2320 relambit,

55 2333 127 2396 Nec
140 2345 273 2394 veterem
287 2329 439 2392 studethic
451 2330 587 2404 reniam,
601 2351 659 2392 nee
670 2329 781 2392 habere
793 2329 942 2414 suturam,

58 2427 158 2511 Hujus
170 2427 280 2486 damna
288 2437 409 2500 tenens,
422 2424 508 2506 hujus
519 2419 700 2505 compendia
713 2427 851 2508 perdens.

96 2520 175 2582 lude
189 2538 309 2592 means,
323 2517 456 2600 genitum
472 2517 566 2578 cernit
577 2516 732 2580 considere
747 2538 878 2600 cecum,

61 2613 123 2695 Qui
137 2611 219 2674 male
233 2611 408 2694 praegnantis
422 2610 558 2690 delapsus
572 2617 673 2672 ventre
686 2614 837 2693 parentis,

60 2707 94 2770 ln
106 2708 208 2771 lucem
221 2705 285 2766 sine
298 2703 363 2766 luce
375 2705 444 2764 ruit.
457 2697 700 2786 Tuncsanguinis
714 2704 765 2766 ille
819 2758 822 2767 ,

61 2797 213 2865 Conditor
225 2791 367 2873 humani,
381 2791 544 2878 mundique
558 2798 682 2880 orieptis
695 2797 798 2882 origo,

58 2894 243 2978 lmperfecta
252 2891 303 2952 diu
314 2891 431 2978 proprii
442 2912 503 2952 non
517 2911 618 2971 passus
627 2891 733 2952 haberi

58 2985 202 3051 Membra
211 2985 328 3067 operis,
342 2984 439 3046 natale
450 2985 546 3045 lutum
559 3005 614 3066 per
626 2985 751 3048 claustra
761 3001 906 3069 genarum

56 3081 215 3162 illiniens,
227 3079 386 3147 hominem
399 3078 493 3146 reteri
505 3079 667 3162 desemine
680 3079 809 3162 supplet.
883 3153 886 3158 Ι

755 3169 777 3244 d
