2198 3844
13 341 143 406 xemp.
246 323 705 394 onnuuurnsunnnu.
885 323 926 388 ⁵³

36 429 161 512 Erpuit‚
176 441 206 490 et
218 430 352 510 speciem
363 431 509 493 simulatae
525 435 637 496 mortis
649 436 770 497 ademit.

74 524 159 586 Hinc
173 525 289 606 majora
301 525 415 586 doeens
423 515 552 609 populos
563 529 711 606 coelestia,
728 551 832 592 verum

40 615 76 677 Se
88 630 201 678 reserat
215 638 356 678 sermone
370 617 494 693 Deum,
509 622 667 702 turbasque
679 624 863 703 frequentes,

40 710 113 787 Quae
124 711 217 771 nimis
230 710 397 785 irruerant,
410 712 642 791 ¹cupiensvitare
659 735 840 797 parumper,

43 800 141 884 Stagna
150 803 242 882 petiti
257 823 406 883 parvaque
419 804 525 864 sedens
539 803 674 867 Simonis
688 809 719 868 in
733 807 823 884 aino,

42 893 149 956 Littore
164 896 322 956 sistentem
334 897 472 958 firmabat
485 899 522 958 ab
533 899 653 978 'aequore
663 901 798 980 plebem.

41 984 76 1050 Et
85 990 169 1051 dictis
182 993 244 1071 jam
257 991 324 1050 finis
339 1003 418 1062 erat;
433 1004 503 1052 tunc
517 993 602 1054 altius
614 1007 716 1054 actam

38 1082 72 1142 lu
89 1083 213 1166 pelagus
221 1084 303 1166 jubet
317 1084 361 1144 ire
372 1097 486 1162 ratem,
501 1099 641 1165 vastoque
655 1087 807 1168 profundo

38 1175 121 1236 Retia
134 1177 252 1236 demitti
267 1177 429 1256 piscantia,
444 1200 510 1256 qnae
521 1179 597 1262 nihil
611 1171 736 1240 omnem

40 1266 183 1332 Claudere
193 1291 249 1351 per
261 1283 381 1331 noetem
392 1291 486 1331 vaouo
499 1284 625 1352 potuere
637 1273 754 1332 labore.

40 1360 139 1423 Simon
150 1377 237 1444 paret
249 1384 355 1439 ovans,
371 1377 400 1424 et
408 1365 527 1443 aquosis
538 1364 674 1446 gentibus
688 1364 801 1426 instans
809 1378 829 1443 ,·

37 1457 124 1524 Linea
137 1457 362 1539 claustre.jaeit‚
378 1470 552 1536 tantumque
563 1459 702 1519 immanis
717 1471 837 1540 apertos

39 1551 181 1632 implerit
195 1551 428 1631 cameritanus,
442 1563 474 1610 ut
486 1552 587 1630 praede
598 1553 766 1618 redundans

38 1643 184 1705 Turbaret
195 1643 331 1726 geminas
343 1642 494 1705 cumulato
508 1644 589 1723 pisce
601 1645 733 1706 carinas:

36 1737 208 1800 Namsocia
221 1737 307 1798 isthic
320 1737 431 1818 puppis
443 1749 514 1796 erat.
532 1736 583 1798 sic
596 1741 725 1798 maxima
738 1757 816 1819 saepo

37 1831 151 1898 Gaudia
161 1853 225 1892 non
237 1831 378 1905 ferimus,
394 1849 602 1911 propensaque
617 1844 685 1892 vota
699 1831 853 1902 timemus3
884 1837 889 1848 '

38 1923 184 2005 Quodque
197 1923 370 1998 Deoiaeiie
377 1935 439 1998 ost,
454 1922 593 1990 homines
604 1937 709 2004 optare
723 1945 780 1986 nec
790 1925 907 2002 audent.

69 2018 192 2078 'ratibus
203 2017 326 2098 insignis
337 2007 508 2087 virtutibus,
520 2015 581 2075 ibat
594 2015 626 2074 in
638 2018 765 2090 urbem,

38 2110 110 2189 Quae
122 2111 160 2171 sit
175 2111 253 2172 dieta
268 2109 378 2184 Naim,
390 2106 506 2188 populo
518 2106 641 2167 vallatus
654 2109 760 2188 opimo
776 2151 785 2183 ,

37 2202 74 2266 Et
83 2225 171 2287 grege
183 2201 381 2282 discipulum,
394 2202 539 2260 miserum
553 2220 620 2260 cum
636 2199 772 2261 eominus
786 2219 857 2286 eece

39 2293 191 2378 Conspicit
203 2295 305 2355 efferri
319 2297 474 2374 juvenem,
483 2293 675 2376 gelidumque
689 2295 831 2371 cadaver,

37 2385 169 2450 Pluribus
184 2387 334 2467 exequiis,
348 2400 378 2448 et
388 2387 471 2446 inani
486 2386 590 2447 sunere
604 2407 724 2466 passum

37 2481 131 2545 Triste
144 2483 367 2555 ministerium,
383 2483 466 2562 eujus
477 2499 541 2540 sors
554 2481 654 2540 invida
667 2493 797 2541 matrem

39 2573 218 2638 Jamdudum
232 2575 485 2658 viduamgemina
498 2574 669 2635 viduaverat
682 2593 766 2636 urna.

40 2665 99 2730 Nec
110 2683 258 2731 remorata
270 2671 320 2731 diu
331 2670 428 2748 pietas
441 2710 450 2740 ‚
465 2667 589 2727 inimica
603 2668 735 2744 doloris,

40 2759 282 2825 Auxiliumvitale
294 2761 380 2834 tulit,
395 2772 532 2838 tactoque
543 2761 674 2836 feretro,

40 2851 142 2937 Surge,
156 2857 215 2930 ait,
229 2875 249 2916 o
260 2854 393 2936 jurenis3
410 2853 624 2933 parensquein
638 2866 779 2934 ternpore
793 2852 875 2914 dicto

38 2943 166 3014 Mortuus
178 2949 317 3031 assurgit,
331 2947 540 3025 residensque,
556 2945 740 3026 loquensque
753 2946 858 3007 revixit
866 2987 877 3024 V,

39 3037 127 3118 Atque
138 3062 238 3103 comes
250 3041 402 3124 genitricis
416 3039 478 3100 abit
493 3061 500 3100 t
515 3059 586 3098 nam
599 3039 702 3102 sunere
716 3052 857 3122 torpens,

38 3127 112 3200 lt‘uu
125 3136 240 3220 amissae
251 3153 356 3218 passus
371 3129 548 3202 discrimina
560 3133 653 3217 νίῑεε,ί
