2106 3846
165 270 224 348 alt
416 279 777 338 n.nnosenn1
926 271 1011 334 aas.

165 379 288 458 Quanto
296 376 366 458 plns
376 377 524 460 graditur,
537 390 620 438 tanto
632 377 822 460 longinquius
832 389 920 440 errat.

163 468 233 532 Sive
246 471 334 554 igitur
342 471 485 532 meritum
493 472 617 532 eredens
630 470 755 550 existere
768 491 854 552 posse

163 567 243 626 Ante
256 565 367 640 fidem,
380 566 473 632 donas
483 563 640 624 virtutibus
652 563 832 645 impietatis:

163 657 233 720 Sive
246 657 330 718 illam
341 658 385 718 vis
396 677 458 718 esse
468 669 563 730 tuam,
572 677 635 718 non
649 677 773 717 munere
787 658 883 720 dantis

163 749 341 830 sumptam,
355 752 407 811 sed
417 750 548 833 genitam
560 750 597 809 de
608 749 746 810 libertate
757 749 897 827 volendi,

165 842 291 904 Nullam
304 843 393 902 habet
406 844 438 900 in
450 843 536 902 vobis
543 841 679 903 salvatrix
689 841 800 904 Gratia
812 845 915 920 sedem

162 935 270 997 inflato
285 933 399 1003 exclusa
411 933 554 1007 arbitrio,
568 933 649 1012 quod
666 934 765 996 fronte
776 938 909 1017 superba

154 1027 306 1112 Erigitis,
319 1027 460 1108 'spatiout
469 1025 585 1110 gravius
597 1027 712 1107 majore
722 1029 824 1088 ruatis.

199 1122 383 1184 Divinor'um
395 1140 523 1198 operum
533 1119 615 1194 quod
626 1119 739 1195 ponitis
750 1121 782 1176 in
794 1119 969 1179 redimendis
1031 1173 1032 1192 ,

160 1214 373 1297 Principium?
387 1210 530 1274 Mandata
540 1208 601 1270 Dei
613 1209 709 1270 lacere
721 1221 790 1269 ante
803 1209 969 1284 laracmm,
1031 1207 1032 1214 '

161 1309 260 1370 Nosse
274 1322 304 1370 et
316 1326 415 1369 amare
426 1303 549 1379 Deum,
562 1302 718 1384 promissis
730 1305 855 1366 credere
872 1303 991 1376 Christi,

160 1402 323 1481 Quaerere,
339 1401 457 1482 pulsare
469 1410 499 1459 et
509 1409 611 1478 petere
622 1397 784 1478 proprium
797 1400 942 1460 omnibus
952 1417 1000 1460 este

159 1495 315 1568 Asseritis,
329 1494 380 1573 qui
392 1513 423 1554 se
432 1493 568 1554 studeant
578 1503 681 1571 aptare
694 1491 821 1578 rocanti.

160 1586 248 1646 Anne
262 1586 299 1644 ab
312 1585 396 1664 aquis
407 1585 508 1646 divina
520 1604 625 1648 manus
638 1605 783 1647 renovare
797 1591 938 1667 receptos

158 1676 270 1758 incipit
282 1720 291 1752 ,
305 1689 335 1737 et
345 1677 411 1736 vitae
423 1697 509 1736 eausa
524 1690 567 1738 est
575 1696 626 1738 sua
636 1681 742 1756 cuique
751 1680 908 1750 voluntas3

157 1768 204 1829 Ut
214 1789 329 1831 merces
342 1788 470 1849 operum
483 1767 520 1829 sit
531 1766 655 1852 Gratia,
667 1759 876 1850 judiciumque

155 1861 206 1924 De
216 1863 327 1944 pretio,
340 1880 399 1940 quo
420 1861 502 1940 quod
514 1861 628 1921 donum
641 1861 827 1942 perhibetur,
855 1863 983 1926 ematur?

156 1956 206 2018 An
220 1976 291 2019 vero
303 1941 444 2038 auxilium
466 1953 558 2014 verbo
572 1953 657 2014 Deus
671 1953 790 2016 inchoat
804 1998 814 2031 ,
827 1967 860 2016 et
874 1976 908 2017 se

156 2049 459 2112 Voceministromm
470 2045 583 2116 mundo
597 2045 727 2109 declarat
737 2047 768 2106 in
782 2047 892 2125 omni,

156 2143 202 2204 Ut
212 2144 347 2224 pulsante
356 2162 443 2204 aures
455 2159 594 2202 sermone
606 2137 705 2201 illecta
718 2139 854 2202 voluntas
887 2131 904 2166 '⁸

154 2236 279 2298 Judicio
291 2248 452 2316 praecurrat
462 2254 570 2314 opem,
584 2252 640 2292 nec
653 2231 759 2293 Gratia
771 2235 831 2314 jam
845 2233 886 2294 sit

157 2327 281 2400 Gratia,
295 2348 362 2405 qnae
374 2325 462 2408 Legis
476 2327 598 2408 fungens
609 2324 692 2400 vice,
706 2327 771 2407 jure
782 2329 940 2390 monentis

158 2418 265 2480 Solum
279 2430 364 2498 agat,
379 2430 466 2496 atque
478 2437 549 2500 agro
566 2437 634 2480 cum
645 2417 812 2502 plantatore
822 2421 988 2494 ministret,
1031 2459 1032 2490 3

154 2511 308 2588 Terraque
318 2507 482 2568 seminibus
493 2512 560 2584 det,
576 2530 638 2570 uon
652 2507 755 2586 Deus,
771 2512 1005 2576 incrementum:
1031 2519 1032 2522 ’

154 2602 262 2663 Ubere
275 2621 326 2662 seu
336 2599 423 2684 gleba
435 2600 589 2676 subsistat,
602 2613 689 2680 atque
699 2615 762 2662 arte
773 2605 900 2667 colentis
1031 2579 1032 2670 i

152 2697 301 2758 Exortura
313 2715 411 2780 seges,
422 2714 518 2784 neque
531 2694 693 2774 quidquam
705 2697 805 2757 cordis
815 2697 848 2756 in
860 2717 937 2760 arro

155 2789 315 2851 Praesulcet
325 2789 424 2849 divina
434 2807 557 2861 manus,
571 2807 631 2864 quo
643 2799 790 2868 temperet
803 2811 909 2869 aequor

155 2879 353 2954 Edomitum,
368 2880 513 2960 iaciatque
527 2879 596 2945 satis
607 2881 733 2963 gaudere
744 2882 877 2944 novales.

194 2972 319 3034 Talibus
330 2974 486 3054 assumptis
499 2972 624 3034 inimico
636 2993 670 3032 ex
684 2974 840 3058 dogmate,
854 2996 960 3042 nonne

153 3066 350 3151 Perspicuum
361 3077 405 3126 est
417 3077 559 3144 quantum
572 3065 728 3130 damnatos
742 3065 951 3132 confoveatis?
