2106 3846
159 312 216 376 182
395 319 503 372 auc.
535 319 610 370 nn.
644 318 802 374 nutat
927 321 982 368 nn

156 415 189 476 N
192 437 209 474 e
222 425 336 488 tantum
348 432 441 476 vacuo
456 412 622 482 submittite
636 412 729 473 corda
741 410 850 471 timori
1029 459 1031 496 Ι

157 506 249 568 Plebs
263 525 348 580 mea,
363 525 453 585 quam
465 517 529 566 toto
544 505 650 566 mundi
663 505 700 564 de
713 524 847 586 corpore
862 515 987 585 sumptam
1029 551 1031 590 Ι

83 659 85 667 2
156 599 242 683 Elegi
255 643 263 675 ,
278 612 307 660 et
318 600 442 681 propria
455 598 550 659 solam
564 598 640 660 mihi
650 611 731 670 sorte
744 599 854 662 dicavi.

156 694 229 754 Jam
241 714 321 754 nune
334 693 461 754 cernetis
474 704 585 771 quanto
597 691 765 772 primordia
776 703 879 753 vestra

156 786 326 865 Prosequar
337 787 445 846 auxilio
457 829 466 860 ‚
480 805 572 846 saevos
585 803 620 846 ac
632 804 797 865 persequar
807 783 918 844 hostes.

154 879 276 941 Ducam
289 879 449 947 sublimem
459 890 599 958 portenta
611 897 667 957 per
681 876 785 936 omnia
797 878 949 964 dextram,

154 971 225 1035 Nec
235 972 314 1035 volet
326 973 357 1032 in
371 970 474 1052 paucis
488 968 613 1030 Pharius
625 989 676 1030 rex
689 971 797 1032 cedere
811 970 924 1052 signis,

155 1064 288 1148 Longius
299 1079 329 1128 ut
341 1067 447 1126 duram
458 1064 579 1127 vincant
589 1063 734 1126 miracula
747 1076 896 1139 mentem.

156 1157 231 1221 Post
240 1159 303 1222 haee
316 1159 426 1220 laxatos
441 1157 513 1238 quin
527 1171 557 1218 et
569 1156 723 1220 discedere
737 1169 844 1239 coget,

156 1251 355 1334 Expelletque
369 1252 434 1312 solo
449 1276 456 1311 :
470 1252 550 1330 quod
562 1270 643 1312 nunc
651 1262 758 1332 negat,
771 1251 892 1332 ingeret
903 1247 978 1308 ultro.

158 1345 247 1406 lbitis
258 1347 295 1405 ad
310 1364 430 1427 magnas
443 1355 512 1424 post
524 1343 614 1404 fortia
626 1342 731 1423 praelia
743 1343 850 1419 sedes,

162 1433 236 1514 Quo
250 1451 335 1498 vocat
346 1449 517 1516 exspectans
528 1435 697 1517 praefertilis
707 1436 801 1498 ubere
811 1448 911 1510 terra,

155 1527 198 1588 Et
211 1529 304 1591 claras
317 1530 402 1592 victis
415 1530 550 1602 condetis
562 1530 699 1612 gentibus
712 1530 812 1592 urbes.

152 1619 219 1681 Vns
233 1623 325 1682 modo
339 1622 495 1701 promissis
505 1622 777 1684 tantum-confidite
788 1623 901 1699 donis,

150 1709 192 1772 Et
203 1734 281 1794 quos
290 1713 453 1795 deposcent
465 1715 597 1797 ingentia
608 1715 684 1776 iacta
694 1714 831 1789 labores,
852 1750 859 1760 -

153 1803 236 1867 Laeta
249 1807 324 1868 serat
337 1807 449 1882 virtus,
462 1827 583 1886 seseque
594 1809 632 1866 ad
644 1826 793 1888 prospera
803 1819 914 1872 servet.

154 1895 280 1961 Talibus
289 1901 396 1961 auditis
408 1900 517 1962 melior
530 1920 598 1980 spes
611 1891 721 1980 accipit
732 1899 812 1961 illos.

158 1992 309 2055 Attollunt
322 1994 460 2068 animos,
474 1987 648 2074 palmasque
661 1993 699 2052 ad
711 1994 810 2054 sidera
821 1995 958 2081 tendunt,

61 2155 65 2162 ,
156 2081 401 2168 Concipiuntque
414 2087 505 2148 fidem
517 2086 610 2162 votis,
624 2100 779 2168 gratesque
790 2088 963 2168 rependunt

194 2176 320 2239 Postera
332 2180 381 2240 lux
394 2180 500 2241 dubios
513 2179 648 2261 primum
661 2181 846 2260 praemiserat
858 2193 955 2255 ortus,

152 2269 196 2332 Et
205 2290 408 2335 successorem
423 2274 547 2354 depulsa
558 2285 647 2336 nocte
660 2272 776 2335 ferebat

151 2362 296 2425 Insistens
309 2383 416 2424 aurora
430 2366 511 2434 diem
527 2391 534 2424 :
547 2380 612 2427 tum
625 2365 750 2428 flumina
763 2368 881 2450 sanguis

151 2453 285 2528 Imbuit‚
300 2466 330 2514 et
338 2454 437 2514 subito
448 2460 627 2519 maduerunt
638 2479 708 2521 arva
722 2481 841 2522 cruore.

154 2543 216 2606 Sed
229 2566 291 2606 non
303 2544 362 2608 hoe
372 2546 510 2609 minimis
520 2564 694 2630 portentum
707 2553 833 2636 contigit
845 2551 943 2624 undis,

152 2637 331 2722 Fluviurum
344 2661 394 2701 rex
407 2641 470 2722 ipse
483 2643 586 2719 rubet,
600 2666 656 2707 nec
667 2645 781 2709 lumine
795 2647 896 2728 prisco

153 2731 245 2795 Nilus
258 2737 316 2819 agit
331 2735 490 2818 proprium
503 2754 595 2815 quem
611 2738 738 2820 sumpsit
750 2739 832 2814 fonte
845 2739 972 2814 nitorem

155 2823 240 2904 Quin
252 2830 363 2910 magis,
373 2849 481 2898 ,averso
494 2849 534 2889 ne
547 2842 646 2912 tangat
658 2831 785 2912 pristina
797 2831 893 2906 liano,

154 2915 280 3000 Sanguis
291 2920 322 2979 in
337 2932 492 2984 externum
503 2934 618 2986 certans
631 2944 754 2986 manare
767 2924 920 2998 canalem,

156 3007 308 3078 Carnosus
319 3034 380 3075 non
394 3018 584 3094 carniacum,
599 3036 793 3099 neccorpore
806 3018 901 3090 fusus,

155 3103 216 3168 Aut
228 3120 337 3193 strages
347 3129 412 3189 quae
424 3109 518 3173 multa
531 3109 620 3174 simul
631 3153 640 3189 ,
653 3131 713 3190 quo
726 3109 848 3180 vnlnere
860 3103 948 3192 possit
