2126 3848
169 333 230 406 314
399 337 577 392 astrosus
606 337 842 390 anosroureu
963 351 991 388 v.
1008 347 1048 406 η.

211 437 334 501 Deserit
352 483 360 516 ‚
376 451 405 501 et
418 439 624 518 variasquaerit
636 439 747 499 habere
761 439 849 500 vices.

172 532 315 598 Loricam
327 534 431 596 solitus
442 534 588 595 membris
599 529 758 614 imponere
770 531 860 592 miles
875 575 885 606 ,

213 629 376 714 Gymnasii
388 630 494 712 gaudet
506 629 602 689 nudus
613 628 696 688 adire
707 627 809 688 locum
823 648 832 697 ς

149 723 156 729 ’
172 723 213 784 Et
226 725 277 804 qui
289 723 412 786 ferratas
423 723 501 786 acies
512 767 521 798 ‚
534 735 622 802 atque
636 721 754 805 agmina
767 720 913 795 vincunt,

179 860 182 864 -
214 817 358 880 lmbelles
369 817 482 881 feriunt
492 837 549 898 per
559 835 610 878 sua
624 816 683 876 tela
694 814 790 874 seras:

174 909 255 994 Ergo
267 912 392 994 gradum
407 911 560 985 retinens,
575 921 604 971 et
617 909 715 990 prisca
725 906 884 968 volumina
898 904 1028 986 linquens

214 1003 375 1068 Cededies
389 1005 478 1087 operi
490 1049 498 1082 ,
515 1004 595 1084 quod
605 1003 656 1084 pia
666 1020 752 1064 causa
764 1002 855 1083 juvat.

377 1198 510 1264 ALIA
551 1196 853 1260 PRAEFATIO.

173 1353 341 1435 illusrsus'
354 1373 474 1434 undosis
487 1373 637 1434 bellorum
654 1373 792 1435 incendia
806 1394 936 1436 cerneus

211 1463 287 1526 Pars
300 1488 355 1550 ego
367 1478 437 1529 tune
448 1466 556 1547 populi
569 1466 628 1527 tela
637 1466 773 1548 paventis
786 1486 882 1527 eram.

173 1557 299 1621 Publica
311 1560 434 1622 libertas
445 1557 540 1642 Vigili
553 1560 736 1621 sanctissime
752 1557 837 1640 Papa

213 1652 347 1714 Advenis
357 1653 473 1715 incluso
486 1652 602 1714 solvere
616 1652 714 1714 vincla
722 1653 814 1736 gregi.

174 1744 224 1807 De
237 1744 342 1828 gladiis
356 1746 514 1826 rapiuntur
523 1760 594 1806 oves
604 1746 724 1828 pastore
735 1747 889 1822 ministro,

211 1831 309 1919 Inque
319 1839 453 1900 humeris
463 1839 620 1900 ferimurte
632 1851 790 1901 revocante
803 1840 874 1920 piis.

174 1932 369 2016 Corporeum
381 1932 450 1994 satis
463 1945 507 1992 est
519 1933 562 1994 sic
572 1933 697 1994 evasisse
708 1933 878 2014 periclum,
951 1911 1017 2014 Ἴ

127 2039 135 2053 ·
219 2027 260 2088 As
274 2027 349 2088 mihi
362 2026 430 2108 plus
440 2026 549 2088 animae
561 2026 691 2088 nascitur
704 2027 775 2087 iude
785 2026 873 2088 salus.

174 2119 343 2203 Ecclesiam
355 2121 448 2184 subeo
461 2119 583 2182 dimissa
593 2120 750 2204 naufragus
760 2120 841 2192 aula;

217 2212 337 2274 Perfida
350 2216 496 2277 mundani
508 2216 614 2275 desero
626 2214 693 2275 vela
700 2214 783 2285 freti;

174 2307 354 2370 Transieror
367 2311 404 2370 ad
416 2310 516 2372 niveas
526 2307 608 2368 Petri
619 2308 684 2370 sine
695 2306 939 2384 sustinemus,

217 2399 258 2460 Et
271 2402 356 2462 lruor
367 2404 462 2482 optati
473 2407 534 2484 jam
548 2403 675 2463 statione
684 2401 759 2475 soli3

177 2494 304 2556 Littoris
317 2493 366 2554 ille
377 2495 459 2558 sinus
469 2499 507 2557 ad
518 2497 643 2558 carbasa
653 2508 755 2556 nostra
765 2495 903 2576 paravit,

219 2586 376 2650 Fluctibus
388 2587 419 2648 in
428 2591 546 2651 mediis.
555 2591 604 2652 cui
618 2590 666 2651 via
686 2589 764 2650 sicca
776 2589 843 2650 luit.

177 2681 252 2745 Esse
265 2703 332 2744 reus
344 2684 595 2765 poterograte'ssi
605 2682 730 2744 reddere
739 2702 853 2743 cessem
868 2727 878 2758 ‚

221 2778 323 2838 Unius
338 2777 438 2841 officio
448 2777 627 2858 displicuere
638 2795 756 2838 norem.

182 2869 327 2930 Sensibus
339 2871 430 2930 ardor
443 2871 519 2930 inest
531 2869 641 2930 horum
654 2868 805 2948 celebrare
817 2866 967 2944 labores?

224 2962 367 3041 Quorum
376 2983 449 3026 voce
464 2964 536 3025 fides
545 2960 662 3023 obtinet
674 2963 756 3022 orbis
766 2963 834 3022 iter.

180 3055 327 3126 Versibus
340 3054 404 3136 ipse
414 3077 541 3135 cauam,
557 3077 632 3137 quos
641 3055 736 3141 Lucas
747 3055 861 3121 renutu
872 3068 957 3118 aetus
970 3099 979 3130 ,

199 3215 202 3218 ,
224 3149 451 3231 historiamque
463 3172 589 3232 sequens
603 3149 814 3215 carminarem
827 3150 954 3230 loquare
