2198 3844
169 281 210 350 68
420 293 569 350 cnnsr
604 293 813 350 sanuses
947 313 1066 379 may„

168 387 307 474 Aggressi
317 387 430 451 focinus
443 386 608 448 violentum
620 387 732 471 grande
746 402 913 471 patrarunt„

170 482 307 546 lnfernas
320 481 380 544 adit
392 480 444 542 ille
456 480 554 555 fores,
566 481 628 541 adit
641 481 696 542 iste
708 501 867 564 supernas,

169 575 226 638 llle
239 575 389 658 probanda
402 586 506 656 petens
520 573 822 655 penetraritclaustra
831 577 1002 662 gehennae,-

168 669 301 734 Abstulit
315 670 368 732 iste
379 669 438 729 suis
449 668 595 730 coelorum
609 690 699 752 regna
713 671 836 751 rapinis.
1007 665 1012 674 ’

211 763 330 826 Interea
342 763 500 824 horrendae
512 763 613 824 subito
627 784 736 825 venere
748 764 897 841 tenebrae,

167 855 210 920 Et
220 870 318 919 totum
330 869 450 917 tenuere
462 855 586 937 polum,
602 857 772 937 moestisque
784 858 956 940 nigrantem

166 951 308 1032 Exequiis
322 964 419 1012 texere
433 950 532 1027 diem,
546 949 592 1012 sol
605 951 685 1012 nube
697 971 837 1014 coruscos
874 995 877 998 -

166 1045 365 1109 Abscondens
378 1044 478 1106 radios
488 1088 504 1122 ‚.
512 1057 588 1106 tetro
603 1044 715 1106 velatus
728 1045 860 1121 amictu,
885 1084 889 1090 -

165 1138 315 1216 Delirus,
328 1137 502 1218 tristemque
514 1137 618 1200 infecit
627 1137 756 1200 luctibus
769 1138 888 1200 orbem.

167 1229 262 1296 Hunc
275 1231 423 1296 elementa
434 1232 492 1294 sibi
507 1245 680 1292 meruerunt
694 1252 817 1295 cernere
830 1230 970 1312 vultum,

166 1325 405 1388 Auxiliisorbata
418 1326 526 1406 patris,
542 1325 639 1386 laetata
651 1337 837 1406 peronam,

167 1417 276 1481 Moesta
288 1439 346 1499 per
358 1438 506 1481 occasum.
518 1417 602 1480 Nam
613 1419 662 1480 lux
675 1433 707 1479 ut
719 1432 858 1500 ternpore
869 1409 955 1498 fulsit·

166 1509 327 1574 Nascentis
336 1510 466 1572 Domini
480 1553 488 1588 ‚
501 1512 560 1588 sic,
575 1513 634 1576 boc
647 1514 814 1588 moriente,
830 1513 971 1590 recessit,

164 1602 241 1666 Non
254 1605 360 1667 absens
371 1624 509 1666 mansura
521 1607 590 1682 diu,
603 1609 654 1668 sed
668 1607 791 1690 mystica
805 1607 924 1690 signans
1016 1687 1024 1695 ἱ

166 1697 228 1761 Per
238 1699 367 1780 spatium
379 1711 492 1761 secreta
504 1719 609 1774 suom;
626 1702 739 1784 quippe
754 1713 786 1760 ut
798 1700 894 1763 tribus
906 1698 994 1762 boris

168 1790 257 1856 Caeca
271 1792 421 1855 tenebrosi
431 1792 579 1855 latuerunt
590 1795 687 1858 sidera
700 1794 788 1869 coeli,

166 1883 219 1950 sic
231 1885 385 1950 Dominus
395 1886 486 1949 clausi
500 1887 598 1950 triduo
612 1888 777 1950 tulit-antra
787 1886 929 1968 sepulcri.
1010 1889 1014 1893 ’

207 1979 277 2043 Nec
289 1980 377 2043 tellus
388 1981 452 2044 sinc
466 1981 550 2044 clade
561 1981 635 2057 suit,
650 2003 715 2062 quae
728 1982 799 2042 talia
810 2000 937 2042 cernens

164 2073 313 2136 Funditus
326 2076 499 2152 intremuit,
513 2075 665 2157 dubioque
680 2077 712 2136 in
726 2076 784 2136 line
798 2094 977 2155 supremum

163 2166 292 2252 Expavit
302 2182 407 2231 natura
418 2171 561 2244 modum,
575 2190 615 2230 ne
628 2182 748 2251 cogeret
761 2189 885 2240 omnem

163 2259 309 2323 Summus
321 2283 396 2343 apex
408 2263 524 2324 inferna
538 2277 644 2342 petens
659 2263 854 2326 succumbere
870 2260 1012 2340 malem,

163 2353 389 2434 Auctoremque
400 2377 526 2436 sequens
532 2379 588 2440 per
600 2370 709 2418 tartara
720 2357 848 2416 mundus
861 2354 967 2415 abiret.
1086 2343 1087 2356 ¹

163 2446 228 2509 Sed
238 2449 333 2530 pietas
344 2449 491 2512 immensa
502 2472 588 2536 vagas
599 2451 782 2534 properabat
796 2451 833 2510 ad
846 2450 989 2526 umbras,

164 2537 287 2602 Perdita
300 2543 474 2622 restituens,
488 2566 550 2607 non
561 2546 751 2608 consistentia
762 2546 902 2626 perdens

205 2633 300 2697 Nulla
311 2647 412 2699 tamen
425 2639 500 2700 tanti
511 2651 682 2700 metuerunt
694 2639 776 2722 signa
787 2637 912 2719 pericli,

164 2727 230 2810 Qui
243 2729 415 2792 Dominum
428 2732 517 2795 fixere
529 2732 627 2807 cruci,
642 2732 715 2812 quin
729 2731 1002 2813 insuperbaustum

164 2821 245 2900 Cum
257 2837 372 2905 peteret
382 2824 504 2904 sitiens,
517 2847 592 2887 unus
603 2826 641 2888 de
654 2824 744 2906 plebe
754 2824 885 2888 nefanda

161 2915 308 2980 Peniculo
322 2918 451 2980 intusum
462 2920 578 2983 calamo
592 2919 724 3002 porrexit
734 2931 861 2982 acetum.

143 3045 147 3052 ·
164 3011 369 3072 Mamzeribus
380 3012 500 3094 populis
513 3015 544 3075 in
556 3013 706 3075 deteriora
717 3011 825 3076 volutis

164 3103 359 3168 Conveniens
368 3105 470 3188 liquor
483 3108 535 3172 ille
547 3108 604 3172 suit
614 3127 709 3170 :nam
721 3103 820 3170 dulcia
832 3103 902 3172 rina
