<?xml version="1.0" encoding="UTF-8"?>
<!DOCTYPE html PUBLIC "-//W3C//DTD XHTML 1.0 Transitional//EN"
    "http://www.w3.org/TR/xhtml1/DTD/xhtml1-transitional.dtd">
<html xmlns="http://www.w3.org/1999/xhtml" xml:lang="en" lang="en">
 <head>
  <title>
</title>
<meta http-equiv="Content-Type" content="text/html;charset=utf-8" />
  <meta name='ocr-system' content='tesseract 3.04.00' />
  <meta name='ocr-capabilities' content='ocr_page ocr_carea ocr_par ocr_line ocrx_word'/>
</head>
<body>
  <div class='ocr_page' id='page_1' title='image "./caiicaeliisedul00sedugoog_0160.png"; bbox 0 0 2102 3846; ppageno 0'>
   <div class='ocr_carea' id='block_1_1' title="bbox 18 313 961 402">
    <p class='ocr_par' dir='ltr' id='par_1_1' title="bbox 18 313 961 402">
     <span class='ocr_line' id='line_1_1' title="bbox 18 313 961 402; baseline -0.003 -2"><span class='ocrx_word' id='word_1_1' title='bbox 18 337 109 402; x_wconf 65' lang='lat' dir='ltr'>aare.</span> <span class='ocrx_word' id='word_1_2' title='bbox 195 313 685 401; x_wconf 53' lang='lat' dir='ltr'>rosmaruutursjrn.</span> <span class='ocrx_word' id='word_1_3' title='bbox 830 336 883 398; x_wconf 82' lang='lat'>151</span> <span class='ocrx_word' id='word_1_4' title='bbox 956 371 961 382; x_wconf 89' lang='lat'>·</span> 
     </span>
    </p>
   </div>
   <div class='ocr_carea' id='block_1_2' title="bbox 18 439 873 3231">
    <p class='ocr_par' dir='ltr' id='par_1_2' title="bbox 18 439 739 618">
     <span class='ocr_line' id='line_1_2' title="bbox 18 439 739 520; baseline 0.001 -16"><span class='ocrx_word' id='word_1_5' title='bbox 18 443 81 504; x_wconf 89' lang='lat' dir='ltr'>l&#39;um</span> <span class='ocrx_word' id='word_1_6' title='bbox 93 443 192 504; x_wconf 76' lang='lat' dir='ltr'>tristes</span> <span class='ocrx_word' id='word_1_7' title='bbox 203 441 305 503; x_wconf 83' lang='lat' dir='ltr'>morbi</span> <span class='ocrx_word' id='word_1_8' title='bbox 316 484 325 516; x_wconf 87' lang='lat'><strong>,</strong></span> <span class='ocrx_word' id='word_1_9' title='bbox 337 453 368 502; x_wconf 88' lang='lat' dir='ltr'>et</span> <span class='ocrx_word' id='word_1_10' title='bbox 380 441 456 504; x_wconf 82' lang='lat' dir='ltr'>varii</span> <span class='ocrx_word' id='word_1_11' title='bbox 469 439 587 502; x_wconf 86' lang='lat' dir='ltr'>subiere</span> <span class='ocrx_word' id='word_1_12' title='bbox 600 441 739 520; x_wconf 85' lang='lat' dir='ltr'>dolores,</span> 
     </span>
     <span class='ocr_line' id='line_1_3' title="bbox 18 532 645 618; baseline 0 -22"><span class='ocrx_word' id='word_1_13' title='bbox 18 535 46 596; x_wconf 75' lang='lat' dir='ltr'>tr</span> <span class='ocrx_word' id='word_1_14' title='bbox 57 532 195 618; x_wconf 78' lang='lat' dir='ltr'>corrupta</span> <span class='ocrx_word' id='word_1_15' title='bbox 206 535 276 596; x_wconf 81' lang='lat' dir='ltr'>satis</span> <span class='ocrx_word' id='word_1_16' title='bbox 288 533 354 595; x_wconf 87' lang='lat' dir='ltr'>dira</span> <span class='ocrx_word' id='word_1_17' title='bbox 363 534 545 618; x_wconf 82' lang='lat' dir='ltr'><strong>pinguedine</strong></span> <span class='ocrx_word' id='word_1_18' title='bbox 557 535 645 596; x_wconf 86' lang='lat' dir='ltr'>tellus</span> 
     </span>
    </p>

    <p class='ocr_par' dir='ltr' id='par_1_3' title="bbox 18 624 673 712">
     <span class='ocr_line' id='line_1_4' title="bbox 18 624 673 712; baseline 0.003 -24"><span class='ocrx_word' id='word_1_19' title='bbox 18 627 117 690; x_wconf 83' lang='lat' dir='ltr'>Lethali</span> <span class='ocrx_word' id='word_1_20' title='bbox 131 624 271 711; x_wconf 76' lang='lat' dir='ltr'>quaedam</span> <span class='ocrx_word' id='word_1_21' title='bbox 281 627 402 690; x_wconf 77' lang='lat' dir='ltr'>suffudit</span> <span class='ocrx_word' id='word_1_22' title='bbox 415 628 550 712; x_wconf 88' lang='lat' dir='ltr'>germina</span> <span class='ocrx_word' id='word_1_23' title='bbox 562 649 673 690; x_wconf 46' lang='lat' dir='ltr'>succos</span> 
     </span>
    </p>

    <p class='ocr_par' dir='ltr' id='par_1_4' title="bbox 18 720 793 1088">
     <span class='ocr_line' id='line_1_5' title="bbox 18 720 740 801; baseline 0.006 -21"><span class='ocrx_word' id='word_1_24' title='bbox 18 721 78 783; x_wconf 87' lang='lat' dir='ltr'>inde</span> <span class='ocrx_word' id='word_1_25' title='bbox 86 735 179 785; x_wconf 89' lang='lat' dir='ltr'>truces</span> <span class='ocrx_word' id='word_1_26' title='bbox 193 721 298 784; x_wconf 80' lang='lat' dir='ltr'>saevire</span> <span class='ocrx_word' id='word_1_27' title='bbox 311 720 400 797; x_wconf 81' lang='lat' dir='ltr'>seraa,</span> <span class='ocrx_word' id='word_1_28' title='bbox 413 722 586 801; x_wconf 87' lang='lat' dir='ltr'>dudumque</span> <span class='ocrx_word' id='word_1_29' title='bbox 600 723 740 784; x_wconf 82' lang='lat' dir='ltr'>timentes</span> 
     </span>
     <span class='ocr_line' id='line_1_6' title="bbox 18 814 780 898; baseline 0.003 -22"><span class='ocrx_word' id='word_1_30' title='bbox 18 814 116 879; x_wconf 82' lang='lat' dir='ltr'>Excitat</span> <span class='ocrx_word' id='word_1_31' title='bbox 125 820 163 878; x_wconf 88' lang='lat' dir='ltr'>ad</span> <span class='ocrx_word' id='word_1_32' title='bbox 175 835 309 898; x_wconf 86' lang='lat' dir='ltr'>pugnam</span> <span class='ocrx_word' id='word_1_33' title='bbox 320 828 384 876; x_wconf 88' lang='lat' dir='ltr'>tum</span> <span class='ocrx_word' id='word_1_34' title='bbox 398 815 533 897; x_wconf 89' lang='lat' dir='ltr'>primum</span> <span class='ocrx_word' id='word_1_35' title='bbox 541 816 660 878; x_wconf 86' lang='lat' dir='ltr'>conscia</span> <span class='ocrx_word' id='word_1_36' title='bbox 669 817 780 893; x_wconf 82' lang='lat' dir='ltr'>virtus,</span> 
     </span>
     <span class='ocr_line' id='line_1_7' title="bbox 19 909 793 993; baseline 0.003 -23"><span class='ocrx_word' id='word_1_37' title='bbox 19 909 112 971; x_wconf 81' lang='lat' dir='ltr'>Reddit</span> <span class='ocrx_word' id='word_1_38' title='bbox 122 925 152 973; x_wconf 88' lang='lat' dir='ltr'>et</span> <span class='ocrx_word' id='word_1_39' title='bbox 163 924 295 972; x_wconf 83' lang='lat' dir='ltr'>armatas</span> <span class='ocrx_word' id='word_1_40' title='bbox 307 909 431 993; x_wconf 85' lang='lat' dir='ltr'>unguis,</span> <span class='ocrx_word' id='word_1_41' title='bbox 445 911 534 984; x_wconf 86' lang='lat' dir='ltr'>dens,</span> <span class='ocrx_word' id='word_1_42' title='bbox 546 909 675 993; x_wconf 90' lang='lat' dir='ltr'>ungula,</span> <span class='ocrx_word' id='word_1_43' title='bbox 687 930 793 972; x_wconf 88' lang='lat' dir='ltr'>cornu.</span> 
     </span>
     <span class='ocr_line' id='line_1_8' title="bbox 18 1003 678 1088; baseline 0.005 -26"><span class='ocrx_word' id='word_1_44' title='bbox 18 1003 75 1084; x_wconf 90' lang='lat' dir='ltr'>Ipsa</span> <span class='ocrx_word' id='word_1_45' title='bbox 85 1006 171 1066; x_wconf 85' lang='lat' dir='ltr'>etiam</span> <span class='ocrx_word' id='word_1_46' title='bbox 181 1004 263 1088; x_wconf 84' lang='lat' dir='ltr'>leges</span> <span class='ocrx_word' id='word_1_47' title='bbox 276 1015 422 1084; x_wconf 85' lang='lat' dir='ltr'>ruperunt</span> <span class='ocrx_word' id='word_1_48' title='bbox 429 1014 500 1064; x_wconf 93' lang='lat' dir='ltr'>tuuc</span> <span class='ocrx_word' id='word_1_49' title='bbox 512 1003 678 1080; x_wconf 83' lang='lat' dir='ltr'>elementa,</span> 
     </span>
    </p>

    <p class='ocr_par' dir='ltr' id='par_1_5' title="bbox 18 1095 753 1923">
     <span class='ocr_line' id='line_1_9' title="bbox 18 1095 714 1159; baseline 0.001 -3"><span class='ocrx_word' id='word_1_50' title='bbox 18 1095 51 1156; x_wconf 88' lang='lat' dir='ltr'>Et</span> <span class='ocrx_word' id='word_1_51' title='bbox 60 1098 162 1158; x_wconf 82' lang='lat' dir='ltr'>violare</span> <span class='ocrx_word' id='word_1_52' title='bbox 175 1099 270 1158; x_wconf 87' lang='lat' dir='ltr'>fidem</span> <span class='ocrx_word' id='word_1_53' title='bbox 283 1095 459 1156; x_wconf 77' lang='lat' dir='ltr'><strong>mortalibus</strong></span> <span class='ocrx_word' id='word_1_54' title='bbox 473 1096 576 1158; x_wconf 86' lang='lat' dir='ltr'>omnia</span> <span class='ocrx_word' id='word_1_55' title='bbox 589 1110 714 1159; x_wconf 89' lang='lat' dir='ltr'>certant.</span> 
     </span>
     <span class='ocr_line' id='line_1_10' title="bbox 18 1187 716 1272; baseline 0 -24"><span class='ocrx_word' id='word_1_56' title='bbox 18 1187 124 1250; x_wconf 82' lang='lat' dir='ltr'>ludatur</span> <span class='ocrx_word' id='word_1_57' title='bbox 134 1190 232 1253; x_wconf 88' lang='lat' dir='ltr'>ventis</span> <span class='ocrx_word' id='word_1_58' title='bbox 241 1190 383 1272; x_wconf 79' lang='lat' dir='ltr'>pelagus,</span> <span class='ocrx_word' id='word_1_59' title='bbox 397 1188 557 1252; x_wconf 81' lang='lat' dir='ltr'>volvuntur</span> <span class='ocrx_word' id='word_1_60' title='bbox 568 1202 597 1250; x_wconf 86' lang='lat' dir='ltr'>et</span> <span class='ocrx_word' id='word_1_61' title='bbox 609 1190 716 1263; x_wconf 75' lang='lat' dir='ltr'>undae,</span> 
     </span>
     <span class='ocr_line' id='line_1_11' title="bbox 20 1274 753 1390; baseline 0.001 -51"><span class='ocrx_word' id='word_1_62' title='bbox 20 1277 181 1390; x_wconf 77' lang='lat' dir='ltr'>Excitosque</span> <span class='ocrx_word' id='word_1_63' title='bbox 192 1302 309 1345; x_wconf 86' lang='lat' dir='ltr'>uorum</span> <span class='ocrx_word' id='word_1_64' title='bbox 320 1281 459 1365; x_wconf 78' lang='lat' dir='ltr'>turgescit</span> <span class='ocrx_word' id='word_1_65' title='bbox 472 1274 583 1361; x_wconf 82' lang='lat' dir='ltr'>pontus</span> <span class='ocrx_word' id='word_1_66' title='bbox 596 1282 628 1341; x_wconf 92' lang='lat' dir='ltr'>in</span> <span class='ocrx_word' id='word_1_67' title='bbox 639 1293 753 1342; x_wconf 85' lang='lat' dir='ltr'>aestum.</span> 
     </span>
     <span class='ocr_line' id='line_1_12' title="bbox 20 1371 675 1456; baseline 0.006 -24"><span class='ocrx_word' id='word_1_68' title='bbox 20 1371 93 1438; x_wconf 74' lang='lat' dir='ltr'>&#39;l’unc</span> <span class='ocrx_word' id='word_1_69' title='bbox 102 1376 240 1456; x_wconf 88' lang='lat' dir='ltr'>primum</span> <span class='ocrx_word' id='word_1_70' title='bbox 250 1375 336 1436; x_wconf 87' lang='lat' dir='ltr'>tectis</span> <span class='ocrx_word' id='word_1_71' title='bbox 349 1387 424 1435; x_wconf 87' lang='lat' dir='ltr'>tetra</span> <span class='ocrx_word' id='word_1_72' title='bbox 436 1373 562 1456; x_wconf 85' lang='lat' dir='ltr'>caligine</span> <span class='ocrx_word' id='word_1_73' title='bbox 574 1373 675 1450; x_wconf 81' lang='lat' dir='ltr'>coelis,</span> 
     </span>
     <span class='ocr_line' id='line_1_13' title="bbox 20 1466 649 1558; baseline 0.002 -30"><span class='ocrx_word' id='word_1_74' title='bbox 20 1466 138 1551; x_wconf 79' lang='lat' dir='ltr'>Ingratos</span> <span class='ocrx_word' id='word_1_75' title='bbox 147 1469 312 1531; x_wconf 88' lang='lat' dir='ltr'>homiuum</span> <span class='ocrx_word' id='word_1_76' title='bbox 320 1469 498 1558; x_wconf 79' lang='lat' dir='ltr'>castigatura</span> <span class='ocrx_word' id='word_1_77' title='bbox 510 1467 649 1543; x_wconf 85' lang='lat' dir='ltr'>labores,</span> 
     </span>
     <span class='ocr_line' id='line_1_14' title="bbox 23 1559 750 1644; baseline 0.004 -22"><span class='ocrx_word' id='word_1_78' title='bbox 23 1559 198 1624; x_wconf 83' lang='lat' dir='ltr'>Grandineos</span> <span class='ocrx_word' id='word_1_79' title='bbox 211 1561 328 1644; x_wconf 84' lang='lat' dir='ltr'>pavidis</span> <span class='ocrx_word' id='word_1_80' title='bbox 341 1561 482 1622; x_wconf 83' lang='lat' dir='ltr'>fuderunt</span> <span class='ocrx_word' id='word_1_81' title='bbox 493 1560 598 1622; x_wconf 87' lang='lat' dir='ltr'>nubila</span> <span class='ocrx_word' id='word_1_82' title='bbox 610 1562 750 1641; x_wconf 72' lang='lat' dir='ltr'>nimios,</span> 
     </span>
     <span class='ocr_line' id='line_1_15' title="bbox 25 1653 709 1737; baseline 0.007 -25"><span class='ocrx_word' id='word_1_83' title='bbox 25 1653 106 1734; x_wconf 76' lang='lat' dir='ltr'>Atque</span> <span class='ocrx_word' id='word_1_84' title='bbox 117 1656 205 1737; x_wconf 82' lang='lat' dir='ltr'>polus</span> <span class='ocrx_word' id='word_1_85' title='bbox 219 1653 332 1716; x_wconf 76' lang='lat' dir='ltr'>discors</span> <span class='ocrx_word' id='word_1_86' title='bbox 346 1653 452 1715; x_wconf 86' lang='lat' dir='ltr'>invidit</span> <span class='ocrx_word' id='word_1_87' title='bbox 464 1655 600 1736; x_wconf 88' lang='lat' dir='ltr'>germina</span> <span class='ocrx_word' id='word_1_88' title='bbox 613 1657 709 1718; x_wconf 87' lang='lat' dir='ltr'>terris.</span> 
     </span>
     <span class='ocr_line' id='line_1_16' title="bbox 27 1744 736 1833; baseline 0.003 -25"><span class='ocrx_word' id='word_1_89' title='bbox 27 1744 99 1825; x_wconf 84' lang='lat' dir='ltr'>Quin</span> <span class='ocrx_word' id='word_1_90' title='bbox 108 1749 199 1833; x_wconf 86' lang='lat' dir='ltr'>magis</span> <span class='ocrx_word' id='word_1_91' title='bbox 213 1748 280 1828; x_wconf 87' lang='lat' dir='ltr'>ipsa</span> <span class='ocrx_word' id='word_1_92' title='bbox 291 1747 349 1807; x_wconf 87' lang='lat' dir='ltr'>sibi</span> <span class='ocrx_word' id='word_1_93' title='bbox 366 1747 453 1808; x_wconf 89' lang='lat' dir='ltr'>tellus</span> <span class='ocrx_word' id='word_1_94' title='bbox 467 1750 591 1810; x_wconf 82' lang='lat' dir='ltr'>adversa</span> <span class='ocrx_word' id='word_1_95' title='bbox 603 1751 736 1833; x_wconf 85' lang='lat' dir='ltr'>negavit,</span> 
     </span>
     <span class='ocr_line' id='line_1_17' title="bbox 29 1831 696 1923; baseline 0.006 -25"><span class='ocrx_word' id='word_1_96' title='bbox 29 1837 144 1902; x_wconf 84' lang='lat' dir='ltr'>Seminis</span> <span class='ocrx_word' id='word_1_97' title='bbox 157 1831 281 1923; x_wconf 85' lang='lat' dir='ltr'>excepti</span> <span class='ocrx_word' id='word_1_98' title='bbox 284 1852 403 1922; x_wconf 81' lang='lat' dir='ltr'>vertens</span> <span class='ocrx_word' id='word_1_99' title='bbox 420 1842 545 1902; x_wconf 86' lang='lat' dir='ltr'>mentita</span> <span class='ocrx_word' id='word_1_100' title='bbox 554 1843 696 1904; x_wconf 87' lang='lat' dir='ltr'>nitorem.</span> 
     </span>
    </p>

    <p class='ocr_par' dir='ltr' id='par_1_6' title="bbox 30 1932 836 2388">
     <span class='ocr_line' id='line_1_18' title="bbox 63 1932 836 2019; baseline 0.005 -25"><span class='ocrx_word' id='word_1_101' title='bbox 63 1932 129 1997; x_wconf 81' lang='lat' dir='ltr'>Haec</span> <span class='ocrx_word' id='word_1_102' title='bbox 138 1935 252 2019; x_wconf 75' lang='lat' dir='ltr'>gemini</span> <span class='ocrx_word' id='word_1_103' title='bbox 260 1934 396 2016; x_wconf 87' lang='lat' dir='ltr'>primum</span> <span class='ocrx_word' id='word_1_104' title='bbox 407 1947 562 1995; x_wconf 84' lang='lat' dir='ltr'>senserunt</span> <span class='ocrx_word' id='word_1_105' title='bbox 574 1948 645 1996; x_wconf 93' lang='lat' dir='ltr'>tuuc</span> <span class='ocrx_word' id='word_1_106' title='bbox 658 1937 836 2017; x_wconf 84' lang='lat' dir='ltr'>protoplasti</span> 
     </span>
     <span class='ocr_line' id='line_1_19' title="bbox 30 2022 803 2113; baseline 0.007 -30"><span class='ocrx_word' id='word_1_107' title='bbox 30 2022 171 2090; x_wconf 84' lang='lat' dir='ltr'>Posteritas</span> <span class='ocrx_word' id='word_1_108' title='bbox 183 2047 257 2089; x_wconf 87' lang='lat' dir='ltr'>uam</span> <span class='ocrx_word' id='word_1_109' title='bbox 271 2039 382 2107; x_wconf 90' lang='lat' dir='ltr'>quanta</span> <span class='ocrx_word' id='word_1_110' title='bbox 393 2027 469 2088; x_wconf 82' lang='lat' dir='ltr'>ierat</span> <span class='ocrx_word' id='word_1_111' title='bbox 480 2027 638 2106; x_wconf 88' lang='lat' dir='ltr'>dispendia</span> <span class='ocrx_word' id='word_1_112' title='bbox 653 2049 803 2113; x_wconf 87' lang='lat' dir='ltr'>rerum,</span> 
     </span>
     <span class='ocr_line' id='line_1_20' title="bbox 32 2111 803 2202; baseline 0.003 -24"><span class='ocrx_word' id='word_1_113' title='bbox 32 2114 94 2178; x_wconf 88' lang='lat' dir='ltr'>Non</span> <span class='ocrx_word' id='word_1_114' title='bbox 105 2142 147 2182; x_wconf 85' lang='lat' dir='ltr'>cnr</span> <span class='ocrx_word' id='word_1_115' title='bbox 138 2122 209 2184; x_wconf 87' lang='lat' dir='ltr'>vel</span> <span class='ocrx_word' id='word_1_116' title='bbox 221 2133 343 2186; x_wconf 85' lang='lat' dir='ltr'>centum</span> <span class='ocrx_word' id='word_1_117' title='bbox 357 2111 482 2202; x_wconf 80' lang='lat' dir='ltr'>linguae,</span> <span class='ocrx_word' id='word_1_118' title='bbox 495 2119 545 2181; x_wconf 82' lang='lat' dir='ltr'>vol</span> <span class='ocrx_word' id='word_1_119' title='bbox 557 2120 655 2180; x_wconf 78' lang='lat' dir='ltr'>ferrea</span> <span class='ocrx_word' id='word_1_120' title='bbox 666 2140 722 2181; x_wconf 81' lang='lat' dir='ltr'>vox</span> <span class='ocrx_word' id='word_1_121' title='bbox 734 2133 803 2198; x_wconf 79' lang='lat' dir='ltr'>cst,</span> 
     </span>
     <span class='ocr_line' id='line_1_21' title="bbox 32 2207 775 2294; baseline 0.005 -24"><span class='ocrx_word' id='word_1_122' title='bbox 32 2207 201 2276; x_wconf 85' lang='lat' dir='ltr'>Enumerare</span> <span class='ocrx_word' id='word_1_123' title='bbox 216 2226 325 2294; x_wconf 86' lang='lat' dir='ltr'>queat.</span> <span class='ocrx_word' id='word_1_124' title='bbox 340 2235 397 2274; x_wconf 89' lang='lat' dir='ltr'>uec</span> <span class='ocrx_word' id='word_1_125' title='bbox 410 2213 435 2274; x_wconf 89' lang='lat' dir='ltr'>si</span> <span class='ocrx_word' id='word_1_126' title='bbox 431 2232 540 2292; x_wconf 87' lang='lat' dir='ltr'>quem</span> <span class='ocrx_word' id='word_1_127' title='bbox 554 2207 679 2274; x_wconf 85' lang='lat' dir='ltr'>Mantua</span> <span class='ocrx_word' id='word_1_128' title='bbox 693 2213 775 2275; x_wconf 89' lang='lat' dir='ltr'>misit</span> 
     </span>
     <span class='ocr_line' id='line_1_22' title="bbox 34 2301 655 2388; baseline 0.006 -22"><span class='ocrx_word' id='word_1_129' title='bbox 34 2301 200 2370; x_wconf 80' lang='lat' dir='ltr'>Maoniosve</span> <span class='ocrx_word' id='word_1_130' title='bbox 212 2319 319 2371; x_wconf 79' lang='lat' dir='ltr'>canam</span> <span class='ocrx_word' id='word_1_131' title='bbox 331 2306 448 2368; x_wconf 87' lang='lat' dir='ltr'>divorsa</span> <span class='ocrx_word' id='word_1_132' title='bbox 459 2326 535 2368; x_wconf 86' lang='lat' dir='ltr'>voce</span> <span class='ocrx_word' id='word_1_133' title='bbox 547 2319 655 2388; x_wconf 81' lang='lat' dir='ltr'>poetae.</span> 
     </span>
    </p>

    <p class='ocr_par' dir='ltr' id='par_1_7' title="bbox 37 2395 873 2764">
     <span class='ocr_line' id='line_1_23' title="bbox 38 2395 761 2480; baseline 0.006 -21"><span class='ocrx_word' id='word_1_134' title='bbox 38 2395 102 2475; x_wconf 83' lang='lat' dir='ltr'>Quis</span> <span class='ocrx_word' id='word_1_135' title='bbox 111 2400 180 2463; x_wconf 88' lang='lat' dir='ltr'>taies</span> <span class='ocrx_word' id='word_1_136' title='bbox 193 2399 303 2463; x_wconf 82' lang='lat' dir='ltr'>reserat</span> <span class='ocrx_word' id='word_1_137' title='bbox 316 2401 436 2461; x_wconf 80' lang='lat' dir='ltr'>motus?</span> <span class='ocrx_word' id='word_1_138' title='bbox 447 2399 515 2480; x_wconf 85' lang='lat' dir='ltr'>quis</span> <span class='ocrx_word' id='word_1_139' title='bbox 528 2401 661 2480; x_wconf 84' lang='lat' dir='ltr'>denique</span> <span class='ocrx_word' id='word_1_140' title='bbox 670 2402 761 2462; x_wconf 84' lang='lat' dir='ltr'>fando</span> 
     </span>
     <span class='ocr_line' id='line_1_24' title="bbox 37 2484 729 2573; baseline 0.012 -25"><span class='ocrx_word' id='word_1_141' title='bbox 37 2484 255 2570; x_wconf 47' lang='lat' dir='ltr'>Evolvat‘totoffi</span> <span class='ocrx_word' id='word_1_142' title='bbox 269 2493 321 2573; x_wconf 83' lang='lat' dir='ltr'>qui</span> <span class='ocrx_word' id='word_1_143' title='bbox 333 2492 457 2554; x_wconf 77' lang='lat' dir='ltr'>volvunt</span> <span class='ocrx_word' id='word_1_144' title='bbox 469 2494 587 2570; x_wconf 82' lang='lat' dir='ltr'>secula,</span> <span class='ocrx_word' id='word_1_145' title='bbox 601 2493 729 2558; x_wconf 80' lang='lat' dir='ltr'>fluctus?</span> 
     </span>
     <span class='ocr_line' id='line_1_25' title="bbox 38 2583 873 2667; baseline 0.012 -25"><span class='ocrx_word' id='word_1_146' title='bbox 38 2583 272 2663; x_wconf 80' lang='lat' dir='ltr'>drmafremuut,</span> <span class='ocrx_word' id='word_1_147' title='bbox 288 2587 395 2649; x_wconf 87' lang='lat' dir='ltr'>crebra</span> <span class='ocrx_word' id='word_1_148' title='bbox 408 2588 538 2667; x_wconf 85' lang='lat' dir='ltr'>quatitur</span> <span class='ocrx_word' id='word_1_149' title='bbox 550 2588 715 2650; x_wconf 81' lang='lat' dir='ltr'>formidine</span> <span class='ocrx_word' id='word_1_150' title='bbox 729 2592 873 2664; x_wconf 78' lang='lat' dir='ltr'>mundus,</span> 
     </span>
     <span class='ocr_line' id='line_1_26' title="bbox 39 2672 743 2764; baseline 0.004 -26"><span class='ocrx_word' id='word_1_151' title='bbox 39 2672 166 2743; x_wconf 78' lang='lat' dir='ltr'>Funditur</span> <span class='ocrx_word' id='word_1_152' title='bbox 179 2682 306 2764; x_wconf 83' lang='lat' dir='ltr'>irriguus</span> <span class='ocrx_word' id='word_1_153' title='bbox 319 2680 454 2763; x_wconf 87' lang='lat' dir='ltr'>sanguis,</span> <span class='ocrx_word' id='word_1_154' title='bbox 468 2685 625 2764; x_wconf 86' lang='lat' dir='ltr'>majorque</span> <span class='ocrx_word' id='word_1_155' title='bbox 637 2683 743 2758; x_wconf 81' lang='lat' dir='ltr'>sititur.</span> 
     </span>
    </p>

    <p class='ocr_par' dir='ltr' id='par_1_8' title="bbox 41 2765 732 2949">
     <span class='ocr_line' id='line_1_27' title="bbox 44 2765 732 2855; baseline 0.007 -24"><span class='ocrx_word' id='word_1_156' title='bbox 44 2765 112 2848; x_wconf 85' lang='lat' dir='ltr'>Quid</span> <span class='ocrx_word' id='word_1_157' title='bbox 123 2776 220 2839; x_wconf 85' lang='lat' dir='ltr'>dicam</span> <span class='ocrx_word' id='word_1_158' title='bbox 231 2774 327 2836; x_wconf 87' lang='lat' dir='ltr'>celsas</span> <span class='ocrx_word' id='word_1_159' title='bbox 339 2774 492 2855; x_wconf 79' lang='lat' dir='ltr'>praeclaris</span> <span class='ocrx_word' id='word_1_160' title='bbox 504 2775 629 2836; x_wconf 88' lang='lat' dir='ltr'>coetibus</span> <span class='ocrx_word' id='word_1_161' title='bbox 641 2775 732 2836; x_wconf 86' lang='lat' dir='ltr'>urbes</span> 
     </span>
     <span class='ocr_line' id='line_1_28' title="bbox 41 2856 710 2949; baseline 0.006 -25"><span class='ocrx_word' id='word_1_162' title='bbox 41 2858 189 2930; x_wconf 85' lang='lat' dir='ltr'>Indeserta</span> <span class='ocrx_word' id='word_1_163' title='bbox 202 2869 289 2930; x_wconf 84' lang='lat' dir='ltr'>dari?</span> <span class='ocrx_word' id='word_1_164' title='bbox 300 2856 432 2949; x_wconf 87' lang='lat' dir='ltr'>populos</span> <span class='ocrx_word' id='word_1_165' title='bbox 444 2867 610 2949; x_wconf 88' lang='lat' dir='ltr'>populante</span> <span class='ocrx_word' id='word_1_166' title='bbox 624 2867 710 2928; x_wconf 86' lang='lat' dir='ltr'>ruina</span> 
     </span>
    </p>

    <p class='ocr_par' dir='ltr' id='par_1_9' title="bbox 42 2953 786 3231">
     <span class='ocr_line' id='line_1_29' title="bbox 42 2953 786 3045; baseline 0.011 -27"><span class='ocrx_word' id='word_1_167' title='bbox 42 2953 185 3045; x_wconf 76' lang='lat' dir='ltr'>dispergi,</span> <span class='ocrx_word' id='word_1_168' title='bbox 196 2974 226 3024; x_wconf 87' lang='lat' dir='ltr'>et</span> <span class='ocrx_word' id='word_1_169' title='bbox 236 2961 369 3024; x_wconf 84' lang='lat' dir='ltr'>lacerum</span> <span class='ocrx_word' id='word_1_170' title='bbox 382 2961 503 3026; x_wconf 85' lang='lat' dir='ltr'>vacuari</span> <span class='ocrx_word' id='word_1_171' title='bbox 515 2961 649 3044; x_wconf 77' lang='lat' dir='ltr'>partibus</span> <span class='ocrx_word' id='word_1_172' title='bbox 660 2962 786 3026; x_wconf 82' lang='lat' dir='ltr'>orbem?</span> 
     </span>
     <span class='ocr_line' id='line_1_30' title="bbox 44 3045 768 3134; baseline 0.01 -23"><span class='ocrx_word' id='word_1_173' title='bbox 44 3045 159 3115; x_wconf 86' lang='lat' dir='ltr'>Servitio</span> <span class='ocrx_word' id='word_1_174' title='bbox 171 3055 257 3118; x_wconf 84' lang='lat' dir='ltr'>subdi</span> <span class='ocrx_word' id='word_1_175' title='bbox 271 3056 428 3132; x_wconf 88' lang='lat' dir='ltr'>dominos,</span> <span class='ocrx_word' id='word_1_176' title='bbox 440 3054 627 3134; x_wconf 84' lang='lat' dir='ltr'>famulosque</span> <span class='ocrx_word' id='word_1_177' title='bbox 638 3056 768 3127; x_wconf 83' lang='lat' dir='ltr'>vicissim</span> 
     </span>
     <span class='ocr_line' id='line_1_31' title="bbox 47 3140 760 3231; baseline 0.004 -21"><span class='ocrx_word' id='word_1_178' title='bbox 47 3140 171 3212; x_wconf 81' lang='lat' dir='ltr'>Praeierri</span> <span class='ocrx_word' id='word_1_179' title='bbox 184 3150 333 3229; x_wconf 84' lang='lat' dir='ltr'>dominis,</span> <span class='ocrx_word' id='word_1_180' title='bbox 346 3163 376 3214; x_wconf 91' lang='lat' dir='ltr'>et</span> <span class='ocrx_word' id='word_1_181' title='bbox 388 3149 461 3218; x_wconf 86' lang='lat' dir='ltr'>belli</span> <span class='ocrx_word' id='word_1_182' title='bbox 476 3161 555 3214; x_wconf 85' lang='lat' dir='ltr'>sorte</span> <span class='ocrx_word' id='word_1_183' title='bbox 567 3150 687 3231; x_wconf 86' lang='lat' dir='ltr'>perire,</span> <span class='ocrx_word' id='word_1_184' title='bbox 754 3151 760 3163; x_wconf 72' lang='grc'><em>“</em></span> 
     </span>
    </p>
   </div>
   <div class='ocr_carea' id='block_1_3' title="bbox 0 0 1079 3846">
    <p class='ocr_par' dir='ltr' id='par_1_10' title="bbox 0 0 1079 3846">
     <span class='ocr_line' id='line_1_32' title="bbox 0 0 1079 3846; baseline 0 0"><span class='ocrx_word' id='word_1_185' title='bbox 0 0 1079 3846; x_wconf 95' lang='lat' dir='ltr'> </span> 
     </span>
    </p>
   </div>
  </div>
 </body>
</html>
