2172 3862
43 399 163 464 V.22ll.
267 410 333 462 DE
368 413 476 466 DEO
508 379 606 470 tta,
638 377 745 470 tlt..
876 410 935 496 471

44 508 90 568 Et
103 528 143 569 ne
157 503 259 566 Roma
272 506 323 566 tliu
336 506 465 570 nesciret
476 503 602 573 munera
618 509 752 590 Christi,
816 562 820 568 ,

52 601 168 678 Hanc,
183 598 279 661 Paulo
291 601 473 678 comitante,
488 607 579 687 petit,
594 607 646 687 pia
658 609 735 688 jussa
747 612 909 691 sequendo
977 649 978 652 κ

43 645 184 755 Exorans
200 694 342 775 precibus
354 692 479 778 Magum
493 719 549 779 per
562 699 640 762 celsa
652 701 804 766 volantem

48 787 180 849 Sxmona
191 789 369 850 mendacem
380 791 486 850 sternit
496 806 673 874 ,spectante
690 796 826 859 Nerone

41 882 134 944 Ficta
150 881 213 952 Dei
226 881 371 962 proles
336 903 436 945 nunna
449 899 494 946 est
508 885 640 969 collapsa
652 891 748 952 ruina.
766 913 769 922 ⁴

45 975 101 1038 Sic
115 975 298 1038 imitatorem
312 977 366 1036 sed
376 997 439 1038 non
450 979 713 1068 imitabilisiguis,
732 982 740 1013 '¹
793 1047 796 1059 ⁴

42 1069 191 1130 Fulmina
206 1070 392 1145 mentitum,
414 1074 585 1152 perculsum
600 1069 728 1138 lulmine
741 1083 815 1140 vero

46 1163 234 1248 Sacrilegum
249 1165 390 1226 cecidisse
403 1164 504 1226 serunt
518 1165 685 1232 Salmonea
696 1190 808 1254 regem.

46 1258 150 1333 Ecce,
164 1258 236 1338 quid
246 1257 325 1317 alma
337 1258 411 1319 fides
419 1261 516 1343 exegit
523 1262 562 1322 ab
576 1281 644 1324 arce
658 1261 828 1342 Tonantis,

46 1352 95 1413 Ut
108 1352 201 1426 vitas,
222 1364 394 1432 mortesque
406 1353 490 1415 daret
501 1375 642 1428 sermone
654 1357 747 1418 fideli.

48 1445 138 1508 Mors
150 1449 227 1523 cita,
239 1447 299 1508 vita
311 1447 421 1521 redux,
434 1449 528 1511 verbo
542 1452 722 1528 mandante,
737 1450 877 1527 recurrit.

46 1539 174 1603 Naturae
185 1539 345 1621 famulatus
356 1541 439 1604 adest
451 1543 564 1604 servire
576 1557 714 1626 paratus,

48 1634 254 1715 Obsequitur,
267 1633 459 1716 Dominique
472 1637 553 1700 vices
566 1638 719 1722 cognoscit
727 1650 875 1723 agentem.

45 1727 146 1813 Exigit
164 1729 222 1790 hoc
238 1727 366 1809 simplex
381 1750 473 1809 spes,
490 1751 548 1793 vox
560 1731 612 1812 pia
622 1777 631 1808 ,
641 1743 714 1796 'vota
727 1733 834 1796 fidelis.

49 1820 168 1884 Omnia
178 1842 251 1884 uam
265 1836 381 1884 constat
393 1824 535 1903 precibus
545 1826 605 1886 cito
620 1847 709 1908 posse
725 1828 855 1902 mereri,
931 1905 933 1912 γ

47 1915 163 1978 Vivere
174 1935 250 1996 quos
263 1914 352 1977 libuit
366 1916 422 1976 sub
435 1915 487 1976 tali
498 1917 619 1978 tramite
630 1918 706 1979 vitae.
806 1978 811 1983 ,

92 2009 190 2090 Quod
204 2011 229 2072 si
241 2023 347 2073 cuncta
358 2009 450 2071 velim
464 2009 609 2072 miracula
621 2031 742 2074 currere
754 2011 868 2086 solers,
882 2031 887 2042 ’

47 2105 79 2167 N
82 2124 124 2166 on
135 2103 211 2166 milui
223 2103 371 2165 sufficient
382 2102 518 2164 mortalis
530 2115 672 2185 tempora
685 2105 766 2168 vitae.

49 2197 149 2259 lllulta
161 2197 232 2259 licet
241 2209 383 2256 maneant
397 2196 451 2258 sub
465 2197 572 2276 quov'u
585 2195 682 2258 limite
697 2197 800 2281 longo.

51 2289 114 2353 seu
126 2310 164 2351 ne
178 2291 256 2351 forte
269 2289 346 2372 legat
355 2289 419 2352 haec
430 2289 564 2352 carmina
575 2302 677 2350 nostra
690 2293 857 2372 profanus,

52 2385 158 2465 Quem
171 2384 259 2444 lateat
270 2383 316 2445 lex
329 2382 524 2459 sancta'Dei,
537 2403 595 2444 nec
606 2383 746 2445 credulus
758 2396 868 2460 exstet,

50 2477 213 2558 lmpcndat
228 2477 300 2556 quid
315 2493 389 2556 pura
402 2476 494 2554 lides,
509 2478 705 2559 praesumptio
719 2477 863 2560 simplem
882 2499 885 2508 ·

52 2571 122 2634 Nec
135 2584 236 2632 tamen
248 2583 393 2631 aeternum
407 2571 529 2631 modico
541 2591 598 2653 pro
611 2584 749 2653 ternpore
762 2583 891 2652 quaerat,

51 2664 94 2726 Et
103 2679 210 2748 neget,
225 2664 379 2725 Abraham
391 2675 507 2723 tanturn
516 2663 621 2726 iecisse
633 2666 774 2740 beatum,

51 2758 114 2821 Vel
124 2779 317 2840 quoscunque
334 2758 530 2833 docetsancta
541 2759 689 2839 scriptura
703 2757 823 2818 fideles:

56 2852 209 2913 Historias
222 2862 343 2914 currant
354 2848 516 2927 Danaum,
529 2850 683 2933 gentisque
698 2849 848 2930 Quirinus.

57 2945 129 3024 Qua
142 2964 200 3026 pro
211 2945 298 3006 laude
311 2963 382 3020 sua,
396 2942 445 3004 vel
458 2963 517 3022 qna
530 2964 588 3024 pro
601 2965 694 3029 reguo
705 2944 825 3020 alieno,

57 3037 217 3100 Mentibus
230 3036 505 3119 intectisantmosae
513 3035 605 3098 cladis
617 3057 741 3114 amore,

59 3134 135 3220 Ausi
150 3153 257 3194 omnes
270 3130 415 3194 scelerare
424 3151 530 3192 manus
540 3132 577 3192 tle
591 3145 691 3194 morte
702 3151 848 3209 suorum,

60 3227 120 3290 Aut
134 3240 214 3293 certe
226 3228 263 3292 tle
275 3239 369 3310 strage
379 3245 439 3294 sua.
452 3224 601 3291 Menecea
613 3224 756 3291 Creontis
