2106 3846
2 271 16 306 ·.
37 243 119 306 106.
260 253 470 310 GARMEN.
503 260 590 312 utu.
622 263 676 314 tv.
836 215 895 316 565

2 353 75 414 lon
88 351 133 412 ita
147 371 206 432 pro
220 349 346 411 summis
359 350 510 414 oblectent
525 354 631 418 ultima
642 356 757 438 lapsos,

2 447 45 507 Ut
62 447 105 508 de
118 443 276 526 supplicio
289 456 442 506 tumeant:
456 461 543 528 atque
556 451 663 512 ordine
677 472 762 514 verso

2 537 80 619 Quo
95 540 161 600 sint
174 535 274 600 effecti
284 537 386 600 miseri
397 583 406 615 ‚
419 541 478 601 sint
489 542 558 616 inde
569 547 701 626 superbi.

43 635 114 694 Aut
124 653 198 694 cum
208 631 331 692 hebetes
341 633 418 694 visus
430 634 519 718 longa
530 658 563 696 ex
572 639 698 722 caligine
711 642 831 704 tandem
834 688 894 706 ......

2 727 138 788 Naturae
151 727 212 788 boc
225 727 326 807 potius
340 771 349 802 ‚
363 726 555 808 libertatique
568 731 708 810 volendi,

4 821 116 900 Quam
133 819 260 882 Cbristo
270 820 403 882 tribuant
416 845 423 880 :
437 843 477 883 ne
489 822 603 887 seilicet
613 841 770 890 evacuetur

4 915 140 975 Arbitrii
155 915 264 990 virtus,
279 915 304 974 si
318 915 393 976 desit
406 930 485 978 recta
499 917 626 1001 legendi.

51 1007 125 1070 lloc
136 1007 273 1089 patribus
286 1010 394 1090 primis
406 1011 512 1077 mortis
522 1025 603 1075 sator
612 1014 777 1083 insinuatus
831 1025 835 1034 “

10 1100 156 1165 Consilio
167 1113 212 1163 est
223 1126 230 1162 :
241 1102 298 1163 bac
310 1115 372 1163 arte
383 1123 488 1165 omnes
499 1109 659 1186 prostravit
671 1109 703 1168 in
715 1132 775 1179 uno
787 1139 794 1173 :

11 1193 100 1256 Dum
111 1197 216 1256 suadet
228 1194 324 1256 multo
340 1198 526 1277 praestantius
537 1203 692 1283 essequod
705 1202 778 1284 ipsis

14 1294 28 1366 (
40 1287 75 1350 N
77 1309 115 1349 ou
131 1289 285 1350 tribuente
299 1288 369 1351 licet
379 1289 540 1368 Domino)
553 1295 716 1372 sponderet
727 1291 898 1362 babendum

16 1381 154 1444 Prudens
163 1383 306 1459 libertas,
320 1384 471 1463 vetitoque
483 1385 625 1448 instructa
636 1389 745 1468 cupido
760 1415 767 1450 :
794 1447 799 1460 ,
952 1385 954 1391 ’

17 1477 99 1566 Quae
108 1499 190 1540 nunc
203 1499 260 1559 pec
271 1477 380 1539 veteris
390 1499 513 1560 serpens
525 1480 646 1563 vestigia
657 1481 785 1560 fraudis,

16 1573 173 1655 Deceptus
185 1571 280 1632 simili
294 1573 390 1632 studet
402 1570 590 1634 inflammare
604 1574 724 1638 furore:
774 1617 776 1624 ,

16 1667 63 1728 Ut
75 1668 221 1747 quoniam
231 1665 392 1748 pulchrum
406 1679 452 1735 est
460 1668 538 1728 veris
549 1668 726 1752 impendere
739 1693 859 1749 curam,

18 1761 208 1840 Justitiaeque
220 1761 323 1822 avidos
334 1761 416 1821 bona
429 1780 517 1830 nosse
530 1775 560 1823 et
572 1762 648 1824 velle
660 1765 778 1828 salubre
789 1781 832 1828 est
844 1811 853 1843 ‚

20 1853 148 1916 Suadeat
160 1855 283 1938 ingenio
295 1857 435 1937 cujusque
447 1855 506 1918 hoc
517 1856 592 1918 lucis
604 1857 700 1920 inesse
788 1867 795 1871 “

21 1951 67 2011 Ut
77 1949 206 2012 naturali
220 1942 307 2010 mens
319 1950 416 2012 vivida
429 1950 615 2026 mobilitate,
710 2019 718 2030 .

26 2043 97 2106 Non
108 2045 242 2127 spirante
253 2042 343 2119 Deo,
361 2041 475 2106 Christi
487 2045 655 2106 exardescat
666 2064 770 2106 amore
786 2070 792 2103 :

28 2137 127 2219 thue
140 2139 182 2198 ita
195 2137 332 2198 salvatrix
342 2136 387 2196 nil
398 2135 653 2207 Gratiaconlerat
661 2137 742 2216 istis,
765 2199 768 2204 ,

28 2229 87 2295 Sed
99 2232 226 2308 reserat,
239 2231 397 2313 pretioque
410 2231 510 2290 bonos
523 2248 585 2290 non
598 2251 724 2292 munere
737 2232 820 2292 ditet.

67 2325 127 2388 llis
143 2327 180 2387 de
192 2323 356 2386 seminibus
367 2323 467 2394 multo
476 2325 538 2405 jam
551 2322 639 2404 plura
652 2325 806 2401 oriuntur,

33 2419 72 2485 Et
82 2422 231 2482 frumenta
241 2417 320 2479 inter
332 2417 434 2500 primo
447 2419 595 2500 turgentia
605 2418 681 2481 lacte
694 2464 704 2495 ‚
731 2474 734 2482 .

31 2513 131 2597 Spinis
140 2513 216 2575 fulta
229 2512 307 2574 subit
320 2531 403 2594 seges
412 2512 534 2572 borrida
545 2513 738 2576 zizaniorum.
815 2509 818 2512 ’

68 2607 129 2679 Sed
139 2628 197 2669 nos
208 2606 262 2688 qui
273 2604 407 2670 Domini
419 2625 524 2676 semen
535 2627 639 2680 sumus
646 2652 656 2683 ‚
670 2607 865 2690 agricolaeque

29 2703 144 2770 Stemus
157 2723 218 2784 ope
233 2713 284 2777 ,et
295 2719 404 2782 supera
413 2695 531 2781 perllati
544 2703 672 2764 vivimus
682 2720 771 2778 aura,
817 2765 820 2772 ,

30 2798 151 2880 Viperei
165 2795 266 2858 calicis
277 2807 394 2879 gustum
408 2794 516 2876 procul
528 2795 725 2886 excutiamus,
767 2863 772 2877 ι

31 2892 191 2972 Divinique
205 2891 308 2971 operis
319 2901 489 2952 constanter
501 2888 697 2950 confiteamur

32 2986 225 3072 Figmentum
234 3004 290 3046 nos
304 3005 367 3046 esse
380 3003 493 3044 novum
509 3005 516 3040 z
531 2984 611 3062 quod
622 3003 746 3065 prorsus
756 2984 794 3046 ab
805 2983 863 3058 illa'

35 3079 128 3166 Stirpe
142 3079 294 3146 vetustatis
306 3078 468 3144 discretum
482 3087 526 3140 est
539 3087 627 3156 atque
642 3078 780 3142 recisum.

755 3170 803 3232 23.
