2142 3858
164 307 224 382 4⁰²
445 319 769 374 uacrattrtt
948 321 1014 386 cpp-

202 413 328 475 Tartara
340 433 443 496 pressa
453 417 570 497 jacent,
585 434 644 474 uec
656 432 709 473 sua
723 414 789 494 jura
802 422 914 472 teuent.
1041 449 1042 458 κ

161 507 284 569 lulerus
296 508 532 570 insaturabiliter
542 525 614 570 cara
622 520 740 591 guttura
749 507 888 586 pandens

203 601 270 682 Qui
284 617 406 684 raperet
416 623 557 685 semper,
571 603 606 662 fit
614 615 666 661 tua
676 601 779 682 praeda
790 598 889 660 Deus.

161 695 269 778 Eripis
281 696 475 758 innumerum
485 695 638 780 populum
650 696 689 756 de
703 713 825 755 carcere
838 693 953 767 mortis,

199 789 243 850 Et
253 791 388 870 sequitur
394 791 490 867 liber,
504 811 565 871 quo
576 811 645 851 suus
661 801 767 850 auctor
780 788 886 858 habit3

159 881 288 945 Eromit
298 884 451 946 absortam
461 886 570 967 pavide
581 885 645 944 iera
655 882 755 943 bellua
765 882 912 963 plebem,

205 976 247 1036 Et
260 978 300 1039 de
311 977 396 1039 fauce
409 977 475 1057 lupi
487 978 635 1039 subtrahit
645 997 737 1059 aguus
749 995 833 1038 ores.
910 993 913 996 ·

165 1067 407 1131 Hiuctumulum
418 1084 572 1152 repetens,
581 1083 650 1152 post
657 1082 881 1144 tartara,carne
892 1078 1019 1146 resumpta,

213 1163 354 1250 Belliger
365 1163 506 1250 adsscoelus
519 1165 620 1247 ampla
629 1177 743 1245 tropaea
755 1162 855 1223 refers
867 1185 875 1234 ς

159 1257 248 1338 Quos
259 1260 365 1322 habuit
375 1258 489 1341 penale
508 1260 599 1322 chaos
611 1261 673 1340 jam
686 1257 818 1319 reddidit
833 1259 905 1332 iste,

199 1349 240 1414 Et
249 1373 325 1432 quos
337 1373 423 1414 mors
442 1365 577 1435 peteret,
592 1353 649 1413 hos
659 1371 738 1414 nova
751 1350 810 1412 vita
825 1363 917 1413 tenet.

159 1441 226 1506 Rex
235 1443 337 1508 Sacer
349 1467 420 1509 ecce
432 1447 482 1507 tui
492 1447 588 1506 radiat
601 1466 672 1527 pars
686 1464 793 1528 magua
806 1444 936 1526 tropaei,

135 1567 144 1574 ·
201 1535 282 1600 Cum
296 1560 387 1621 puras
397 1542 519 1601 animas
532 1558 615 1600 sacra
627 1538 745 1600 lavacra
756 1539 861 1599 beant.

160 1627 313 1706 Candidus
327 1634 476 1714 egreditur
489 1633 593 1693 nitidis
604 1633 748 1694 exercitus
757 1633 871 1710 undis,

196 1723 295 1803 Atque
313 1737 396 1785 vetus
408 1725 517 1788 vitium
529 1737 635 1809 purgat
649 1725 681 1785 in
694 1737 785 1788 amne
796 1744 896 1790 novo.

156 1817 322 1900 Fulgentes
330 1819 463 1895 animas,
476 1820 566 1883 restis
577 1840 696 1900 quoque
708 1821 838 1882 candida
850 1821 957 1904 signat,

28 1961 37 1978 .
117 1987 119 1995 s
195 1912 238 1972 Et
249 1934 336 1996 grege
348 1916 386 1973 de
398 1915 488 1973 uireo
499 1915 607 1996 gaudia
619 1927 722 1993 pastor
733 1915 838 1974 habet.

154 2005 286 2067 Additur
297 2027 332 2070 ac
344 2005 415 2068 felix
423 2026 551 2069 concors
563 2007 705 2068 mercede
719 2007 861 2068 sacerdos
877 2051 885 2078 ‚

197 2098 262 2178 Qui
274 2101 345 2162 dare
357 2102 420 2163 vult
432 2100 574 2162 Domino
589 2101 682 2182 dupla
695 2099 805 2162 talenta
823 2121 894 2162 suo.

156 2193 206 2254 Ad
222 2193 351 2257 meliora
360 2195 591 2279 treheusgentili
605 2215 709 2255 errore
719 2207 878 2276 vagantes,
904 2239 909 2247 -

201 2285 306 2349 Bestia
326 2310 366 2350 ne
377 2302 516 2370 raperet,
529 2283 628 2349 munit
638 2287 722 2351 ovile
734 2286 797 2348 Dei
812 2313 819 2349 τ

158 2379 248 2462 Quos
262 2382 345 2463 prius
358 2381 544 2444 Era'uoceus
554 2381 717 2458 iniecerat,
731 2381 788 2442 hos
798 2381 892 2442 ruodo
906 2373 986 2438 reddit

194 2472 339 2536 Ecclesiae
348 2488 449 2555 pastos
461 2476 555 2536 ubere
565 2475 643 2537 lacte
657 2475 736 2536 sinu.

307 2627 367 2678 DE
399 2629 654 2682 PASSIONE
687 2627 892 2680 DOMINI.

157 2737 321 2839 QUIsQuls
332 2754 418 2829 ades,
433 2753 586 2832 mediique
600 2753 682 2814 subis
695 2752 727 2813 in
742 2752 850 2812 limina
860 2744 957 2829 templi
969 2786 977 2816 2
1041 2807 1042 2812 ,

155 2845 234 2907 Siste
248 2867 376 2927 parum,
398 2848 611 2926 insontemque
622 2860 675 2908 tuo
685 2865 743 2928 pro
758 2845 887 2907 crimine
898 2852 1009 2923 ριεευωι

154 2938 287 3021 Respice
300 2961 368 3017 me,
386 2961 436 3003 rne
449 2943 546 3002 conde
559 2941 679 3018 animo,
692 2960 743 3000 me
756 2940 787 2999 iu
812 2949 930 3020 pectore
946 2942 1012 2992 sert!-
1041 2983 1042 2990 ,

155 3032 215 3094 llle
231 3051 309 3116 ego,
326 3035 378 3112 qui
396 3029 647 3097 casushomiuum
658 3034 816 3096 miseratus
827 3031 960 3100 acerbos,

116 3185 120 3190 .
157 3127 234 3192 Huc
245 3128 315 3192 veui
328 3172 337 3206 ,
349 3131 433 3210 pacis
446 3131 602 3212 promissae
617 3130 784 3211 interpres,
799 3139 828 3188 et
841 3122 936 3208 ampla
