2142 3858
173 297 236 381 39}
404 305 580 360 Anamttts
605 307 845 366 APOSTOLlGAE
951 301 1029 387 v.195.

177 401 230 463 Sic
242 419 363 480 quoqne
374 403 531 483 prostratis
541 402 581 461 ad
589 402 697 485 gandia
711 415 815 465 nostra
824 403 963 485 procellis

173 493 310 556 Phrirna
320 516 444 575 qumque
456 495 558 576 legens
570 496 718 556 distinctis
730 499 846 577 oppida
860 499 936 561 vicis

170 590 268 652 Venit
279 591 318 650 ad
329 589 451 650 unctu
461 589 603 650 sublimia
614 588 748 651 culmina
761 589 885 652 Romae.

170 687 271 750 Altius
283 685 444 766 ordopetit
453 685 513 744 dun
526 683 643 743 lumina
662 683 764 746 dicere
780 688 888 747 mundi

174 778 363 845 Curenioee
375 778 485 854 simtd,
499 778 647 857 tantisque
662 799 679 838 e
695 779 830 859 partibus
844 802 939 844 unum

168 872 455 956 Delegisseloeurn,
470 892 527 952 per
538 893 630 951 quem
637 892 691 932 sua
702 873 810 957 sydera
820 876 945 959 jungant
967 923 970 932 .

172 965 307 1042 Omnia,
319 967 370 1045 qui
381 965 451 1026 lidei
464 967 624 1028 virtutibus
635 987 707 1028 arva
719 982 874 1029 serenant.

176 1059 256 1143 Qun
265 1060 336 1122 licet
348 1059 515 1120 innumeris
526 1062 667 1122 tendatur
677 1081 764 1124 causa
775 1061 880 1145 figuris

172 1155 274 1218 Pauca
285 1154 400 1216 relerre
410 1153 535 1228 rolens,
549 1155 658 1214 iisdem
671 1156 885 1237 praestantibus
902 1159 986 1218 edam.

176 1250 285 1312 Petrus
295 1251 328 1310 in
339 1246 472 1312 ecelesiae
485 1249 610 1308 surrexit
622 1269 754 1331 corpore
766 1250 933 1333 princeps,

148 1343 154 1352 “
172 1343 251 1406 llaec
262 1345 370 1404 turrita
376 1353 465 1423 caput
472 1341 577 1402 mundi
590 1342 776 1404 circumtulit
790 1345 875 1406 oris:

173 1437 368 1501 Conveniunt
379 1437 496 1518 majora
506 1434 584 1508 sibi,
598 1435 791 1516 speculentur
801 1450 833 1498 nt
848 1458 953 1500 omnes

158 1530 336 1594 -Temmm
349 1529 489 1590 Domino
502 1527 623 1588 lundata
634 1530 791 1592 cacumina
807 1532 906 1595 sedes.

172 1625 323 1687 Gentibus
335 1623 447 1684 electus
462 1620 571 1682 Paulus
582 1623 646 1682 sine
660 1624 719 1684 fine
728 1626 878 1707 ‚magister

172 1715 295 1797 Equus
305 1716 394 1790 huic,
409 1735 540 1796 praesens
552 1717 614 1776 oris
626 1717 748 1777 diffudit
758 1719 915 1795 habenas,

173 1812 253 1893 Quee
264 1824 366 1896 gentes
375 1807 499 1891 praelate
511 1824 629 1882 monet;
642 1813 782 1892 quodque
796 1813 916 1874 intonat
931 1810 1001 1874 isthic

174 1906 272 1968 Urbis
283 1904 362 1989 cogit
373 1901 472 1964 bonor
483 1904 632 1985 subjectus
648 1917 681 1965 ut
692 1905 794 1966 audiat
808 1908 894 1969 orbis
908 1952 918 1984 ‚

173 2003 334 2086 Dignaque
346 1998 487 2060 materies
499 1995 582 2059 Petri
596 1997 742 2079 Paulique
756 2020 880 2062 coronae

175 2095 328 2160 Caesarees
339 2112 481 2176 superare
492 2093 611 2168 minas,
626 2107 657 2154 et
675 2093 706 2154 in
721 2114 791 2156 erce
805 2096 926 2176 tyranni

174 2186 312 2250 Pandere
324 2189 391 2270 jura
403 2186 487 2271 poli,
500 2207 713 2265 summumque
724 2188 756 2248 in
767 2208 864 2271 egone
877 2183 993 2250 tribuual

176 2285 326 2359 Vincere,
339 2302 378 2342 ne
390 2280 492 2360 titulos
510 2301 617 2362 parvus
629 2281 818 2365 contingeret
830 2282 933 2344 bostis.

174 2375 327 2462 Egyptus
338 2375 445 2434 mundi
454 2374 586 2435 sormam
599 2375 693 2458 gerit,
708 2375 778 2437 inde
792 2378 896 2439 vocari

176 2470 256 2551 Quae
268 2468 380 2530 meruit
391 2467 516 2530 ducibus
527 2468 615 2551 plebs
632 2482 676 2529 est
687 2471 850 2532 commissa
864 2471 983 2540 duobus,

174 2564 210 2626 lu
222 2563 330 2645 quibus
342 2560 476 2622 officium
486 2561 634 2624 fraternus
646 2564 746 2625 nexuit
759 2577 852 2625 onus.

175 2660 262 2736 Idola
277 2671 322 2720 tot
330 2653 439 2718 Romu
450 2656 564 2716 mundo
578 2656 705 2722 collecta
718 2657 841 2720 subacto

176 2755 256 2839 Quae
267 2755 384 2830 luerent
396 2749 527 2814 tenebris
540 2749 670 2812 obnoxie
683 2753 774 2813 corda
783 2752 965 2832 premebant.

174 2849 269 2913 Liber
281 2863 311 2911 et
323 2846 453 2929 populus
464 2865 556 2925 quem
568 2844 700 2906 vinxerat
711 2858 779 2906 ante
795 2844 926 2922 Pharao,

174 2943 265 3006 Exuit
277 2939 408 3022 AEgypri
418 2939 545 3002 totidem
558 2939 732 3001 ductoribus
741 2940 879 3015 umbras,

175 3035 293 3118 Perque
307 3033 422 3096 lavacra
439 3033 497 3095 llei
510 3077 519 3109 ,
530 3054 599 3113 quee
609 3045 680 3096 tunc
689 3034 782 3110 meris
795 3035 855 3118 egit
866 3033 974 3116 imago,

171 3129 251 3192 Vite
263 3138 365 3188 nactus
377 3125 455 3202 iter,
470 3125 620 3190 coelestem
635 3127 770 3208 repperit
782 3147 892 3192 escam.
