2126 3848
236 288 662 342 nercnsmmnrn.
826 299 883 362 ²77

23 383 62 444 led
70 379 252 443 confirmare
264 379 442 457 invalidam,
456 394 486 442 et
496 382 612 442 frenare
624 380 789 459 rebellem,

44 473 242 556 Legitimum,
259 487 288 534 et
302 475 461 555 proprium
476 488 521 535 est
533 475 642 536 mentis
656 495 732 557 opus
744 477 884 538 dominre.

23 568 78 647 lnae
89 568 135 628 vis
149 579 262 627 naturae
271 567 479 628 moderamine
492 580 642 648 temperet
650 588 753 649 aequo,
766 639 770 646 ,

43 661 80 721 Et
93 662 202 722 subdat
212 660 337 740 sceptris
349 661 436 744 noxia
448 649 554 721 cuneta
562 660 632 720 suis.

23 757 32 814 l
44 755 183 816 Domino
195 752 355 828 auxilium,
371 767 400 814 et
412 754 490 814 vires
502 764 602 834 petat,
617 766 648 813 ut
658 753 752 816 valeat
763 777 794 818 se

44 839 194 924 Vincere,
210 869 267 910 nee
277 868 379 909 sensns
393 847 495 910 incitet
507 848 572 928 ipsa
583 867 659 908 suos.

23 942 83 1002 lam
93 941 193 1002 nullus
208 940 327 1001 lamnlae
339 942 451 1020 poterit
462 961 655 1022 compescere
665 956 780 1020 motus,

46 1035 86 1095 Ni
98 1036 188 1096 luerit
203 1032 314 1096 Christi
326 1055 446 1115 semper
457 1053 561 1094 amore
574 1046 689 1115 potens.

382 1125 508 1187 XXll.
550 1127 556 1138 '

23 1219 95 1283 rlrcta
103 1223 151 1282 via
162 1233 224 1296 est,
238 1241 315 1282 verae
326 1221 484 1301 qnae‘ducit
494 1220 531 1278 ad
542 1209 617 1279 atria
627 1218 694 1280 vitae
705 1263 714 1295 ‚

48 1314 112 1378 Nec
122 1314 231 1395 recipit
242 1314 338 1375 carnis
350 1315 455 1397 gaudia
467 1312 577 1373 mentis
586 1313 652 1372 iter.

23 1407 122 1490 lmplis
134 1407 249 1471 incedit
261 1407 363 1489 spatiis
376 1419 493 1489 terrena
507 1406 661 1487 voluptas,

49 1503 177 1586 Angusto
191 1502 284 1578 virtus
294 1500 390 1560 limite
401 1500 479 1568 celsa
493 1501 577 1582 petit.

23 1589 156 1656 lttamen
170 1595 213 1654 hii
227 1594 334 1670 ealles,
349 1615 424 1676 quos
437 1595 543 1654 mundi
557 1613 631 1656 vana
642 1608 823 1677 pavescunt,

51 1688 196 1769 Quaedam
209 1687 374 1770 magnificis
387 1707 507 1768 aequora
518 1702 587 1750 sunt
600 1689 717 1751 animis.

25 1777 206 1864 Difficilisqne
220 1782 312 1842 nimis
323 1800 378 1862 per
392 1783 482 1855 dura,
497 1803 553 1862 per
565 1784 656 1845 ardua
665 1801 778 1863 gressus

53 1875 353 1948 Commendarfidei,
367 1876 448 1954 quod
459 1875 588 1938 tolerare
602 1878 691 1958 juvat.

370 1967 517 2030 XXlll.

31 2055 77 2125 lltt
87 2062 230 2126 desiderii
243 2061 328 2122 Deus
340 2075 382 2122 est
396 2063 507 2142 pietate
521 2060 681 2133 colendus,

57 2155 179 2217 lustitiae
193 2167 224 2230 nt
237 2175 352 2217 merces
364 2167 426 2214 tota
439 2155 476 2213 sit
487 2153 551 2232 ipse
566 2151 659 2212 Deus.
694 2148 697 2155 ’

31 2241 90 2310 llam
103 2268 230 2331 sperans
243 2248 301 2308 alio
316 2267 346 2308 se
361 2267 487 2308 munere
499 2265 586 2326 posse
596 2244 697 2319 beari,

61 2339 142 2419 Non,
155 2343 237 2422 quod
249 2341 361 2422 poscit,
376 2352 471 2414 amat,
485 2341 552 2414 sed,
569 2341 649 2419 quod
663 2338 773 2400 habere
785 2339 876 2418 cupit.

381 2431 516 2494 XXIV.

36 2519 144 2609 Culpare
153 2529 185 2587 in
195 2548 329 2608 quoque,
340 2547 405 2607 quae
414 2547 476 2587 non
488 2539 555 2587 sunt
564 2539 633 2588 nota
647 2525 828 2610 ‚malignum
838 2537 892 2602 est,

62 2615 223 2682 Praesertim
234 2621 277 2696 si,
294 2643 358 2700 quse
371 2621 488 2704 cognita
502 2633 586 2697 sunt,
601 2621 682 2682 hona
695 2633 770 2682 sunt.

34 2703 85 2771 Non
92 2726 216 2795 pateant
225 2713 326 2776 faciles
339 2715 422 2774 saevis
437 2715 608 2774 rumoribus
620 2731 716 2773 aures.

63 2802 132 2884 Qnae
143 2808 260 2868 nescire
271 2809 368 2887 juvat,
383 2809 505 2868 credere
518 2827 581 2866 non
596 2805 696 2867 libeat.

35 2887 199 2978 linquantur
211 2913 323 2960 secreta
334 2897 404 2961 Deo
416 2941 424 2976 ,
439 2901 522 2979 quisi
535 2900 607 2980 quid
620 2912 759 2982 opertum
775 2912 837 2978 est,
881 2955 887 2968 ,

65 2987 193 3076 Inspicit,
207 3006 236 3053 et
247 2993 336 3080 nullis
350 2993 461 3077 indiget
477 2993 603 3055 indiciis.

592 3220 597 3231 ,
662 3123 751 3252 924.
