2234 3852
135 305 197 376 350
359 289 537 377 latronis
565 313 836 400 arosrourcu¹
902 311 1022 398 2196.

134 409 271 488 Unicus,
284 413 436 490 ablutum,
451 416 503 496 qui
515 415 656 498 sanguine
669 425 826 495 com-parat
839 415 959 478 orbem.

135 503 196 566 His
208 505 295 568 dictis
307 507 449 570 instructa
462 509 551 580 lides3
566 510 618 570 sed
631 507 768 588 corporis
781 528 849 568 usus

134 597 171 659 ln
182 599 336 683 geminum
350 602 494 682 processit
505 622 596 683 opus,
611 601 823 682 duplicemque
835 601 963 684 liguram

136 691 283 755 Personat
295 714 353 756 una
366 695 460 772 salus,
475 708 538 757 toto
553 695 634 774 quod
647 694 678 754 in
690 714 811 773 mucre
825 695 932 754 mundi

136 783 281 848 Ecclesiae
294 789 353 849 duo
367 802 435 850 sunt
448 788 553 871 populi
568 809 623 869 per
637 788 729 854 verba
740 789 872 848 duorum

139 875 198 941 Cui
213 880 317 961 plenas
329 895 451 963 captura
463 884 535 944 duas
546 882 617 944 facit
627 901 690 944 esse
703 881 836 955 carinas3

137 971 280 1062 Namque
293 975 357 1038 haec
368 976 500 1036 humano
512 977 616 1059 generi
627 975 736 1038 collata
749 974 881 1037 vicissim

141 1064 328 1128 Claudorum
339 1069 469 1132 docuere
482 1071 592 1150 pedes,
607 1069 714 1148 quibus
726 1069 800 1130 astat
811 1067 912 1151 imago

142 1157 265 1243 Singula
276 1183 399 1242 quaeque
411 1183 534 1246 gerens3
549 1161 665 1244 populo
679 1162 849 1223 communis
859 1162 1004 1242 utrique:

143 1251 246 1331 Quem
262 1253 367 1316 Petrus
380 1254 508 1336 antiquis
518 1255 624 1318 tribuit
638 1275 816 1338 consurgere
829 1253 941 1335 plantis
949 1269 963 1332 ‚¹

143 1347 192 1408 Ad
206 1362 326 1430 portam
337 1349 452 1412 vicinus
462 1362 540 1412 erat:
552 1370 623 1434 gens
635 1349 718 1410 venit
728 1348 766 1411 ab
778 1348 832 1409 illo

147 1439 334 1518 Circumcisa
346 1443 433 1518 loco,
449 1443 575 1526 psalmi,
589 1443 652 1517 les,
666 1454 755 1521 atque
768 1441 944 1523 propbetae3

145 1532 205 1596 Cui
221 1532 334 1596 Christi
347 1537 484 1598 cecinere
499 1538 597 1612 diem,
613 1557 704 1616 quem
720 1533 829 1596 Paulus
841 1535 879 1596 ab
891 1534 975 1596 arvis

142 1625 258 1709 Erigit,
274 1629 312 1686 ad
325 1629 431 1708 templi
444 1649 599 1708 nunquam
613 1631 789 1692 consederat
799 1630 896 1701 aedes,

144 1717 326 1802 Longinqua
338 1720 445 1781 tellure
458 1722 571 1799 jacens;
587 1723 658 1800 quia
669 1722 805 1802 gentibus
819 1741 908 1782 orsus
927 1756 930 1760 ·

147 1809 249 1892 Coepit
261 1812 299 1870 ab
312 1832 365 1872 ore
379 1812 431 1894 pio
425 1812 539 1873 solide
553 1813 675 1895 vestigia
687 1813 816 1885 mentis,

144 1903 182 1966 ln
196 1905 296 1965 turbas
310 1904 446 1986 proferre
459 1906 564 1980 rudes,
579 1905 753 2014 populoque
767 1905 900 1980 mederi,

149 1998 254 2078 Quem
266 1998 350 2082 latuit
364 2021 420 2061 vox
430 2001 528 2081 prisca
542 1999 621 2072 Dei,
634 2000 678 2063 sic
676 1999 809 2062 claudus
822 2013 966 2079 uterque,

147 2091 231 2174 {lum
245 2107 387 2174 properat
400 2107 492 2178 genus
505 2114 597 2154 omne
608 2092 687 2154 levat
694 2094 872 2178 ‚gentisque
883 2092 1013 2155 salutern

149 2183 293 2247 Persona
306 2188 430 2270 signarit
442 2189 513 2264 iter,
525 2187 698 2270 qure‘gloria
710 2208 814 2248 rerum

153 2275 291 2341 Contulit
303 2293 335 2340 ut
350 2279 441 2343 Petro
457 2279 585 2354 Paulum
598 2294 680 2364 gerat
693 2282 769 2342 ordo
781 2279 950 2342 secundum

153 2371 219 2452 Qui
232 2374 432 2435 fundamentis
444 2388 546 2436 manet
558 2375 735 2436 architectus
748 2373 860 2434 inillis.

152 2463 199 2526 Ut
211 2479 312 2527 tamen
325 2468 454 2529 auctoris
466 2488 670 2529 memoremus
683 2469 721 2528 ad
733 2467 836 2528 omnia
848 2464 974 2542 laudes,-

154 2557 211 2618 Hii
222 2561 281 2619 duo
296 2572 363 2620 sunt
376 2546 447 2622 caeci
459 2561 690 2641 properantibus
703 2561 835 2640 undiquc
848 2560 961 2637 turbis,

154 2651 221 2734 Qui
235 2652 373 2714 Domino
388 2653 487 2718 dixere
501 2655 611 2730 simul,
626 2654 669 2714 fili
684 2655 799 2736 optime
813 2653 915 2714 David

98 2749 101 2753 ’
154 2745 206 2808 Da
219 2749 357 2809 tenebras
369 2747 448 2810 exire
461 2767 579 2834 graves,
595 2699 632 2808 da
643 2769 768 2810 cernere
780 2729 896 2822 lucem,

158 2839 261 2918 Quam
277 2843 426 2902 nescimus
439 2843 554 2904 adhuc
566 2841 697 2902 subitum
710 2855 783 2903 tunc
794 2840 844 2900 illa
857 2839 985 2900 medelae

159 2931 288 3015 Semper
301 2935 398 2996 amica
411 2956 516 2996 manus
527 2936 612 3026 jubar
625 2933 726 2994 intulit
734 2946 848 3021 ‚atque
862 2933 987 3013 reliquit

161 3025 234 3088 Nox
248 3027 367 3104 oculos,
383 3029 520 3109 exsulque
534 3021 597 3089 dies
609 3027 757 3088 illuminat
768 3015 873 3103 orbes,

158 3119 346 3203 Expavitque
360 3123 471 3186 redux
463 3121 589 3204 rnopina
602 3119 815 3216 crepuscula
787 3140 875 3182 visus
976 3120 980 3124 ’
