2102 3846
5 322 98 407 nty.
204 333 693 414 'euenturuntnrurr
838 327 894 409 '157

8 428 113 508 Quam
127 429 153 488 si
165 449 222 490 nec
234 447 299 488 sera
312 427 444 489 succisor
455 427 529 490 falce
543 443 700 512 repurget,
796 511 798 516 ,
858 459 862 474 ·
887 437 891 445 '

9 521 84 581 Non
97 525 160 604 jam
173 521 325 613 virgultis,
338 520 390 582 sed
401 521 494 583 denso
507 524 607 606 stipite
619 523 702 586 lucus

11 615 153 692 Texitur,
167 629 198 677 et
209 616 324 676 steriles
336 615 476 678 diffundit
488 619 519 677 in
531 638 600 679 aere
611 619 732 679 frondes
745 643 752 678 :

6 710 123 786 ,Donec
135 709 276 772 conclusa
289 710 381 770 ramis
393 711 580 772 currentibus
592 713 718 788 umbro,
798 720 803 726 '

19 803 91 864 Mox
102 817 283 886 opportunae
294 803 419 885 depulso
431 804 495 865 sole
506 806 639 866 tenebrae

19 897 89 956 darn
97 917 200 959 secura
212 896 289 958 ieras
300 898 426 959 invitent
434 900 555 960 credere
567 899 667 962 lustra.

19 989 129 1050 Taliter
138 991 262 1052 humani
276 992 410 1072 generis,
423 1012 485 1052 non
500 993 605 1054 ordine
617 1007 719 1069 recto,

18 1083 137 1146 Perdita
150 1087 299 1170 mandates
310 1087 371 1166 jam
386 1099 455 1167 post
466 1087 633 1168 primordia
646 1089 738 1173 legis,

18 1177 54 1238 ln
64 1200 192 1260 pravum
203 1178 307 1240 labens
319 1179 463 1261 paulatim
478 1181 538 1242 vita
549 1182 682 1242 tetendit.

22 1271 184 1336 Proficiens
197 1275 300 1354 pejore
313 1274 379 1348 via‚
394 1276 657 1360 constantioripso

18 1372 83 1428 lam
92 1368 216 1448 paribus
226 1367 330 1454 stqdiis
341 1367 444 1427 nutriti
457 1367 593 1428 criminis
604 1367 667 1429 usu.
774 1431 775 1436 ,

21 1460 58 1522 Et
69 1475 173 1524 tamen
186 1473 338 1522 auctorem
349 1460 413 1520 vitii
421 1495 432 1537 ·‚
447 1461 602 1543 culpaeque
613 1462 785 1546 magistrum
796 1509 805 1542 ,

21 1555 151 1638 Doctior
163 1575 321 1630 errorum,
335 1554 478 1636 lapsuque
492 1556 619 1637 peritior
630 1557 732 1634 omni,
795 1565 800 1572 '

26 1649 179 1714 Succiduae
192 1647 287 1731 prolis
296 1669 432 1710 crescens
441 1651 562 1712 audacia
575 1651 654 1714 vicit.

63 1745 110 1805 Ut
123 1733 229 1807 llnvius
241 1764 332 1825 parva
343 1744 477 1823 primum
489 1744 612 1806 diffusus
625 1746 662 1806 ab
674 1768 768 1822 urna,

25 1839 222 1921 Perspicuum
233 1837 296 1899 leni
307 1838 421 1918 promit
434 1860 501 1900 cum
512 1840 625 1922 gurgite
639 1823 753 1900 lobtem
765 1884 774 1914 ‚

26 1935 161 1997 Tramite
172 1955 261 2013 quem
274 1953 393 1994 summo
405 1933 485 1996 taciti
498 1933 699 2010 transmittere
711 1933 785 1994 saltu

29 2029 163 2108 Quisque
176 2040 273 2108 potest
284 2025 376 2103 {ntor
388 2027 498 2110 irriguo
512 2029 655 2090 deductus
667 2029 705 2087 ab
717 2039 786 2088 ortu

30 2121 152 2202 Viribus
164 2135 287 2205 augetur
299 2121 419 2198 subitis,
434 2123 574 2202 ripasque
589 2133 757 2180 retrorsum¹
802 2171 813 2194 ,

31 2216 165 2292 Pellem,
182 2228 348 2278 crescentes
360 2215 454 2276 tendit
469 2235 525 2295 per
538 2214 627 2294 plane
638 2214 786 2292 liquores,

33 2309 170 2392 Occupat
183 2323 212 2370 et
225 2309 370 2389 spatium,
386 2308 584 2390 pereuntique
597 2309 738 2370 imminet
751 2329 821 2371 arvo
839 2301 859 2367 :¹

32 2404 111 2465 Tum
124 2404 319 2466 circumfusos
331 2403 437 2464 vicinis
450 2401 576 2463 vallibus
587 2424 690 2465 amnes

35 2497 141 2559 Sorbet
154 2498 348 2582 praeteriens,
364 2510 560 2576 externasque
568 2498 675 2579 incipit
688 2499 780 2579 undas

34 2592 199 2676 Augmento
209 2591 297 2651 finire
310 2611 383 2664 sun,
399 2592 561 2672 mixtasque
574 2593 628 2654 sub
642 2612 712 2652 uno.
777 2633 780 2639 ·

38 2687 185 2767 Nomine,
201 2688 328 2749 corrasis
341 2686 450 2750 diffuso
464 2687 576 2770 gurgite
591 2685 697 2759 terris,
767 2718 772 2724 ·
862 2739 867 2748 .

38 2779 114 2843 Cum
127 2781 280 2856 trabibus,
294 2780 473 2859 stabulisque
484 2781 595 2853 boum,
610 2777 766 2858 lustrisque
778 2777 921 2853 serarum,

35 2873 147 2936 Saevior
160 2896 299 2950 accessu,
312 2875 461 2958 longoque
475 2874 576 2933 lurore
590 2873 721 2954 potitus,

34 2967 171 3031 Tandem
186 2970 330 3030 desistens
342 2966 681 3050 pelagitrausportatin
697 2968 799 3028 undas.
931 3045 936 3050 1

76 3062 144 3125 Hos
159 3065 240 3124 inter
250 3076 367 3139 motus,
381 3061 546 3141 similisque
558 3063 593 3122 ad
607 3062 735 3124 turbinis
749 3063 855 3134 instar,

39 3155 218 3237 Humanum
232 3157 310 3224 vitiis
322 3157 384 3220 ibat
395 3177 487 3242 genus
500 3179 506 3218 :
524 3168 553 3218 et
568 3167 667 3224 tamen
681 3156 746 3237 ipsa

751 3237 796 3310 14.
833 3267 836 3274 s
