2198 3844
153 297 194 370 tt
292 282 296 289 '
420 294 783 352 ‘emuttsunttttt
925 297 1045 368 V·¹9t.

151 399 314 478 Verbaque
327 393 520 476 perverbum
532 433 541 465 ,
555 411 611 470 per
623 388 724 450 lumen
738 387 854 448 lumina
866 403 1005 472 surgunt.

186 492 328 559 ,Venerat
339 501 368 548 et
380 487 510 559 mulier,
531 484 639 544 morbo
654 494 805 544 contracte
817 494 933 543 vetusto
946 525 960 557 ,

151 587 227 648 Non
240 585 341 658 senio,
354 579 566 650 tremebunda,
576 598 714 661 gemens,
729 577 866 651 incurva,
877 577 1003 638 caducis

151 686 294 747 Vultibus
306 727 313 756 ,
328 696 358 742 et
369 681 465 741 solam
479 679 653 756 despectans
665 688 774 735 cernua
786 685 908 733 terram.

153 779 249 857 Quae,
264 776 404 836 Domino
416 774 591 840 miserante,
605 771 686 850 juges
697 778 764 847 post
774 775 859 837 octo,
870 763 1043 844 decemque

152 873 296 934 Membra
306 870 386 930 levat
398 887 526 939 messes,
541 863 725 940 coelumque,
739 879 775 920 ac
785 856 1026 918 sidere-tandem

151 965 277 1039 Cernit,
291 977 321 1024 et
332 963 486 1022 ardentem
499 957 570 1018 'solis
583 952 787 1015 reminiscitur
801 950 931 1022 orbem,

148 1058 265 1120 Totum
273 1042 495 1122 erectavidens;
507 1051 576 1128 quia
587 1067 662 1126 quos
670 1045 764 1106 malus
773 1041 920 1122 opprimit
930 1041 1041 1116 hostis,

149 1150 217 1212 lma
229 1161 352 1231 petunt;
369 1167 443 1227 quos
458 1143 595 1206 Christus
606 1138 658 1200 alit
671 1183 680 1212 ,
694 1139 757 1198 sine
767 1135 834 1196 labe
848 1147 1021 1216 resurgunt.

152 1246 155 1250 ’
195 1241 335 1322 Cumque
350 1240 458 1302 dehinc
469 1236 617 1319 populum
630 1253 694 1294 sese
706 1232 739 1290 in
752 1231 868 1290 deserta
877 1240 1041 1304 secutum,
1089 1261 1090 1300 3

150 1337 198 1398 Ut
210 1339 326 1420 typicus
338 1333 460 1406 Moses,
475 1349 619 1408 verusque
633 1322 806 1405 Propheta,
825 1321 941 1383 rideret
1089 1305 1090 1308 ¹

150 1433 317 1510 Antiquam
328 1428 438 1489 sentire
450 1426 581 1498 samem,
594 1419 759 1501 majoribus
770 1415 841 1476 actis

151 1524 317 1601 Antiquam
330 1519 506 1580 monstravit
518 1536 609 1597 opem
620 1535 630 1586 ·,
645 1524 716 1572 tunc
727 1509 796 1568 alite
806 1505 902 1566 multo

93 1627 96 1631 '
152 1615 261 1680 Carnis
271 1613 377 1695 opima
388 1613 483 1686 dedit,
496 1609 624 1694 geminis
637 1605 729 1666 modo
744 1600 876 1682 piscibus
886 1598 977 1658 auxit.

152 1707 310 1770 Sufficiens
319 1718 391 1770 turtc
404 1725 514 1766 manna
526 1703 622 1785 pluit,
634 1699 727 1759 modo
740 1694 868 1777 panibus
879 1687 1021 1771 a'rnplum
1089 1695 1090 1724 ³

151 1799 295 1882 Quinque
307 1800 389 1859 dedit
401 1799 512 1860 victum
524 1817 580 1878 per
593 1791 690 1854 millia
700 1791 834 1870 quinque
848 1787 997 1847 virorum.

154 1893 272 1956 Caetera
285 1892 372 1952 turba
386 1891 474 1962 latet,
488 1908 615 1950 numero
629 1905 685 1947 nec
696 1882 841 1964 clauditur
851 1879 914 1941 ullo

152 1985 287 2048 Maxima
300 2003 462 2065 parvorum
475 1981 574 2064 legio,
587 1977 637 2040 vel
649 1975 776 2039 maxima
787 1987 927 2034 matrum.
961 1989 965 1998 ¹
1089 1987 1090 2034 t

148 2077 305 2158 Quodque
317 2073 409 2160 magis
421 2089 557 2157 stupeas,
572 2073 719 2154 cophinos
732 2057 831 2131 ablatd
844 2065 1003 2146 replerunt
1089 2047 1090 2126 l

149 2171 316 2252 Fragmina
327 2170 480 2242 bissenos,
494 2166 674 2248 populisque
682 2162 856 2224 vorantibus
869 2173 973 2234 aucta,
1089 2157 1090 2164 '

154 2261 233 2342 Quae
246 2263 324 2322 redit
337 2281 355 2321 a
368 2261 501 2334 cunctis,
515 2280 577 2319 non
591 2270 635 2318 est
647 2259 714 2318 data
725 2255 812 2336 copia
823 2253 944 2314 mensis.

194 2353 327 2433 Jamque
340 2365 544 2414 senescentem
556 2351 645 2414 calidi
658 2350 712 2411 sub
726 2346 833 2410 caerula
847 2346 935 2426 ponti

154 2448 283 2510 Oceano
297 2448 432 2528 rapiente
440 2448 547 2520 diem,
561 2466 630 2508 cum
642 2444 741 2524 pallor
753 2444 866 2501 adesset
937 2444 939 2450 ’
1089 2455 1090 2526 p

153 2539 279 2614 Noctis,
294 2553 324 2601 et
336 2540 484 2600 astriferas
497 2539 651 2600 induceret
661 2539 803 2617 hesperus
815 2532 952 2608 umbras,
1089 2531 1090 2550 ¹

152 2632 325 2714 Discipuli,
340 2633 405 2693 solo
418 2633 505 2694 terris
518 2631 665 2692 residente
678 2629 834 2710 magistro,

153 2723 317 2785 Undosnm
331 2727 445 2806 petiere
459 2724 553 2784 salum
563 2720 732 2802 ,fluctuque
744 2731 878 2780 tumente
897 2752 901 2759 ·

152 2815 256 2904 Jl'orva
267 2816 454 2899 laborantem
465 2816 615 2896 jactabant
627 2833 746 2894 aequora
759 2805 908 2894 puppim,

156 2907 310 2970 Adversus
322 2931 393 2970 nam
407 2907 493 2968 llutos
504 2920 581 2977 erat3
594 2919 665 2968 tnnc
677 2906 773 2967 noctis
785 2923 887 2984 opacae

152 2996 310 3082 Tempore
322 3003 447 3065 calcatas
460 2999 614 3060 Dominus
625 2998 846 3080 superambulat
859 2995 968 3074 undas,

155 3092 196 3153 Et
209 3096 280 3156 vasti
293 3095 403 3177 premit
413 3111 488 3157 arva·
497 3092 566 3178 freti
581 3136 590 3168 ,
604 3092 773 3175 glaucisque
783 3089 916 3152 fluentis
