2126 3848
163 313 222 402 594
416 317 773 378 nettosrnnr

504 414 691 477 LXXVII.

162 512 271 577 Carnis
282 510 433 597 virginitas
444 511 556 572 intacto
568 529 698 591 corpore
708 511 857 587 babetur,

202 605 365 690 Virginitas
377 604 486 666 auimae
499 617 542 666 est
553 605 731 664 intemerata
742 605 838 678 fides,
1052 686 1053 690 Ἰ

165 694 237 780 Qua
247 702 312 760 sine
325 699 466 781 corporei
479 698 524 758 nil
537 700 744 778 prodestcura
758 698 910 779 pudoris,
1052 693 1053 774 i

206 790 268 854 set
282 794 390 854 rnentis
402 792 498 873 pietas
508 803 594 874 auget
606 804 765 870 utrumque
777 791 911 853 bonum.

490 882 720 946 LXXVIII.

102 1035 109 1041 .
167 979 314 1064 Magnum
328 991 485 1061 peecatum
499 991 543 1039 est
556 997 644 1039 amor
655 977 875 1040 immoderatus
892 979 1039 1050 habendi,

150 1095 156 1100 ·
209 1073 250 1134 Et
263 1074 420 1156 plusquam
432 1073 500 1135 ritae
511 1072 656 1148 sufficiat,
670 1073 813 1152 cupiens3

168 1167 253 1232 Nam
265 1169 345 1248 quod
357 1187 412 1228 nos
425 1167 530 1241 vestit,
546 1167 626 1245 quod
639 1167 732 1247 pascit
745 1186 816 1228 eura
828 1167 935 1228 salutis
946 1212 959 1244 ‚

213 1260 247 1323 Si
260 1263 342 1324 ranis
354 1261 392 1322 sit
405 1280 491 1321 mens
502 1259 616 1334 libera,
632 1281 693 1320 non
704 1273 827 1321 oneret:
891 1289 899 1305 =

172 1353 205 1415 Si
220 1375 277 1435 qua
288 1375 359 1437 ergo
371 1366 530 1434 superant,
545 1374 674 1433 qnorum
686 1373 748 1414 non
763 1353 879 1437 indiget
894 1375 987 1431 usus,

211 1447 374 1510 Debilibus
387 1448 519 1529 prosint,
534 1460 622 1528 atque
634 1449 736 1530 juvent
750 1448 867 1528 inopes.

173 1541 320 1620 Quisquis
333 1543 416 1601 enirn
429 1541 538 1622 cupide
551 1561 614 1600 non
626 1541 819 1621 expandenda
830 1542 996 1616 recondit,
1054 1506 1055 1606 i

215 1632 293 1712 Quae
304 1633 380 1705 nulli
393 1633 499 1694 tribuit
508 1634 714 1715 ‚pauperibus
730 1633 838 1714 rapuit

531 1724 703 1788 LXXIX.

173 1820 318 1885 Terrenis
332 1824 441 1905 opibus
454 1841 524 1884 eum
539 1820 621 1884 dives
632 1821 738 1903 gaudet
749 1818 891 1897 iniquus,

216 1915 307 1982 Veris
319 1937 351 1978 se
367 1916 510 1976 miserum
521 1913 616 1976 nescit
629 1933 715 1995 egere
729 1912 836 1982 bonis3
1055 1910 1056 1982 I

175 2010 260 2072 Nam
273 2011 345 2089 quid
359 2010 436 2083 erit,
449 2009 530 2086 quod
544 2027 607 2067 non
620 2018 777 2067 momento
794 2006 949 2087 temporis
964 2025 1023 2066 uno

215 2099 352 2186 Perdere
365 2101 516 2164 mundana
529 2099 704 2161 conditione
718 2111 825 2180 queat:

176 2181 258 2258 Cum
270 2194 340 2254 lieet
351 2188 482 2257 adreisis
494 2195 676 2254 cessantibus
688 2194 792 2253 omnia
807 2207 962 2270 pareant,

217 2283 298 2366 Lege
311 2282 533 2366 tamentmortis
545 2283 583 2342 sit
596 2282 747 2345 faciendus
760 2285 860 2365 inops.

176 2376 218 2437 At
230 2376 311 2436 bona
323 2379 476 2456 justorum
489 2377 582 2438 nuliis
592 2377 721 2438 obnoxia
733 2378 869 2450 domnis3

221 2466 353 2542 Hostes,
367 2467 460 2542 furta,
475 2469 576 2552 ignes,
590 2483 620 2532 et
633 2491 716 2532 mare
729 2492 792 2532 non
807 2484 973 2534 metuunt:

179 2560 339 2622 indemnis
349 2573 447 2622 servat
455 2565 617 2643 proprium
629 2565 775 2647 supientia
789 2587 937 2643 censum,

220 2652 288 2715 Nec
302 2655 432 2736 perdunt
446 2655 609 2734 meritum,
623 2677 756 2739 paxque,
775 2661 911 2740 tidesque
923 2683 1029 2732 suunu

162 2781 169 2788 -
180 2745 294 2808 Omnis
310 2752 453 2810 virtutum
464 2769 586 2830 semper
598 2754 760 2814 substantia
771 2753 852 2814 solra
864 2767 930 2831 est,

221 2839 326 2902 inritis
341 2841 455 2904 Christi
470 2865 596 2906 munera
609 2866 701 2907 nemo
713 2848 801 2928 rapit.

474 2965 479 2974 ·
547 2937 695 3002 LXXX.

180 3024 298 3110 Dignus
312 3026 398 3090 laude
415 3032 538 3109 quidem
552 3046 596 3094 est
607 3035 700 3096 vitum
711 3036 775 3096 sine
788 3035 922 3098 erimine
935 3039 1051 3101 ducem.

224 3117 265 3179 Et
279 3140 462 3202 quaecunque
476 3125 534 3186 sibi
546 3127 605 3188 sint
618 3129 756 3190 nocitura
768 3149 893 3202 carens3
