2142 3858
170 249 250 341 388Ι
336 249 342 259 Χ
387 288 564 344 sunnonis
582 287 818 344 auosronmn
868 293 872 306 ·
926 297 956 338 v.
970 275 1068 358 1035.q

169 383 296 455 fidere,
310 398 366 445 nec
377 381 501 441 dubium
512 381 563 442 tali
575 383 629 443 sub
641 383 738 464 judice
748 381 824 441 fari?

170 473 244 536 Non
256 474 345 558 legis,
360 475 523 556 templique
535 476 621 557 pium
634 475 812 536 violavimus
827 493 942 551 usum,

170 565 238 629 Nec
249 588 391 644 sermone¹
401 587 472 650 vago
486 569 647 649 populares
659 569 808 628 movimus
822 588 939 646 aures,

170 659 309 723 Urbibus
322 681 356 721 ex
368 661 445 723 Asiae
458 661 610 722 venientes
621 661 735 721 solvere
747 663 830 721 dona

170 749 347 835 coepimus,
360 755 397 814 ad
410 775 518 834 purum
530 775 650 834 semper
663 753 827 834 spectantia
841 765 967 814 votum.

168 842 248 924 Quis
260 867 331 930 rogo
341 846 419 907 liber
430 852 504 924 erit,
519 849 545 908 si
557 867 603 908 res
617 847 708 908 iaeit'
700 859 755 906 usta
767 839 964 906 nocentem'?
1067 839 1068 862 ¹

148 993 154 1006 ,
168 934 304 1017 Eloquar
316 939 394 998 haud
407 945 568 1018 metuens(
581 959 676 1019 neque
689 939 771 999 enim
781 939 970 1000 discrimina
981 937 1068 999 norit

169 1029 348 1092 Formidare
361 1031 450 1107 fides,
463 1035 477 1109 )
490 1035 600 1093 audent
612 1053 701 1112 quam
715 1033 814 1093 dicere
829 1045 955 1094 sectam

169 1119 308 1184 Luminis
318 1144 379 1186 csse
393 1125 491 1201 viam,
506 1147 563 1187 nec
575 1126 745 1187 discordare
760 1124 896 1185 novellis

169 1215 247 1278 dura
262 1229 374 1278 vetusta
384 1231 502 1298 patrum
514 1241 521 1287 ;
538 1217 580 1278 sas
594 1230 636 1278 est
650 1219 741 1278 modo
754 1218 880 1278 credere
895 1229 1035 1288 cunctos,

172 1306 313 1393 Corpora
325 1311 362 1372 de
375 1310 495 1371 tumulis
505 1312 564 1390 jam
579 1329 666 1390 posse
682 1329 853 1392 resurgere,
869 1323 1031 1390 postquam
1067 1299 1068 1394 l

168 1399 285 1463 Detulit
298 1403 368 1463 inde
378 1423 482 1476 suum,
496 1403 547 1481 qui
561 1403 697 1462 condidit
709 1403 812 1462 omnia
827 1401 987 1466 Christus.
1067 1401 1068 1470 l

147 1501 149 1508 '
168 1489 336 1574 Obstupuit
347 1494 415 1554 felis
426 1495 534 1555 amisso
546 1495 691 1570 nomine,
705 1493 803 1555 vincla
1067 1551 1068 1578 Ξ

169 1583 272 1664 Quem
284 1585 395 1648 faciunt
405 1587 501 1648 aliena
515 1607 621 1664 reum,
637 1606 765 1666 quorum
779 1586 867 1648 obice
884 1585 1003 1650 Paulus

168 1673 345 1762 Stringitur,
355 1692 388 1740 ct
399 1679 465 1740 sesti
478 1692 611 1741 servatur
622 1680 756 1760 praesidis
770 1699 861 1740 anno.
1067 1679 1068 1688 ’

166 1765 345 1850 Linquimus
355 1771 445 1832 bic
415 1773 564 1848 nimium,
579 1792 618 1832 ne
628 1774 736 1854 gaudia
749 1785 850 1833 nostra
863 1785 1044 1844 moremur,
1067 1779 1068 1840 l

166 1859 215 1924 Ad
225 1863 351 1924 latium
341 1884 402 1947 Jam
417 1860 508 1925 Paule
520 1865 605 1940 veui,
620 1865 786 1926 certamine
799 1865 916 1927 crebro

169 1954 247 2035 Quae
257 1956 367 2018 luerint
377 1958 481 2041 agitata
494 1957 581 2032 foro,
597 1957 759 2036 quantique
771 1957 917 2040 legantur

165 2049 188 2110 J
190 2051 287 2112 udarcr
298 2047 412 2111 iluxisse
426 2050 507 2120 doli;
522 2068 593 2110 narn
606 2049 677 2110 talia
691 2046 819 2128 Paulus,

169 2140 295 2205 Caesaris
307 2145 345 2203 ad
358 2143 471 2204 sotium·
480 2162 532 2204 vos
544 2161 696 2223 provoco:
715 2140 842 2205 Caesaris
853 2143 960 2224 inquit
1067 2137 1068 2174 ³

167 2233 300 2316 Appello
314 2233 470 2299 Romanus
482 2253 592 2317 opem,
608 2236 657 2296 cui
670 2234 760 2296 lestus
772 2234 892 2311 abibis,

168 2325 214 2386 Ut
227 2329 310 2408 cupis
322 2328 445 2411 Augusti
457 2329 542 2390 citius
557 2328 654 2388 visure
668 2326 818 2400 tribunal;
887 2331 895 2340 '

167 2419 252 2481 Nam
261 2418 430 2480 stimulante
445 2433 545 2495 metu,
559 2418 673 2501 lugiens
687 2419 864 2484 discrimina
876 2417 994 2483 Paulus
1067 2427 1068 2446 ¹

164 2512 279 2574 Judicii
292 2511 393 2571 vitavit
406 2532 497 2587 onus,
514 2532 598 2572 mens
611 2513 695 2572 anxia
709 2532 831 2594 semper
1067 2519 1068 2522 ’

169 2602 229 2664 l'ro
243 2605 301 2664 vita
313 2603 439 2664 meliore
451 2605 530 2664 mori
541 2648 551 2680 ‚
564 2606 615 2665 sed
632 2606 765 2666 muneris
778 2619 884 2668 auctor

170 2695 324 2776 Praeconi,
337 2697 462 2777 testique
475 2716 528 2757 suo
540 2698 603 2779 jam
618 2697 729 2758 dixerat
744 2697 840 2774 olim,

169 2789 262 2870 Quod
276 2790 409 2853 Romam
420 2803 559 2854 venturus
569 2803 645 2852 erat:
659 2790 819 2852 clementia
832 2791 856 2851 J
858 2811 917 2856 esu.

169 2879 323 2946 Omnibus
335 2886 463 2945 interris
476 2883 722 2960 fideisitientibus
736 2884 878 2946 baustum

171 2974 283 3036 Pocula
296 2978 346 3037 dat
359 2979 396 3038 de
410 2999 476 3039 vase
489 2998 560 3050 suo,
574 2990 755 3056 cunctosque
770 2978 861 3060 rigari

170 3065 321 3158 Multiiluo
333 3091 472 3134 sermone
485 3072 585 3153 jubet,
601 3070 770 3154 meruitque
784 3082 922 3134 venustas
