2126 3848
159 272 218 335 280
410 259 769 338 nfruosrn'tu

514 374 701 439 XXXlll.

158 469 245 550 Saepe
257 467 378 549 quidem
390 467 544 530 Dominus
554 471 598 531 sic
610 481 714 532 cuneta
726 469 852 530 adversa
866 469 1004 552 repellit,

198 561 245 622 Ut
256 562 340 624 nullo
353 563 455 646 attingi
466 563 591 625 vulnere
605 563 697 644 possit
708 562 814 622 homo.

158 653 220 716 Sed
230 655 400 716 mirabilior
413 670 483 718 tunc
495 669 539 718 est
552 676 658 716 manus
670 655 894 735 omnipotentis

197 746 284 808 lllata
296 747 441 811 afflictum
454 771 523 811 cum
537 749 616 810 mala
627 769 690 808 uon
703 761 857 828 superant.

158 839 310 901 Laudetur
321 853 418 901 custos
430 843 572 902 virtutem
582 843 655 901 dans
665 840 808 901 toleranti
820 885 830 916 ,

199 932 309 993 lutima
322 947 495 1014 corrumpat
509 956 548 995 ue
559 935 643 994 furor
654 933 794 993 exterior.

156 1025 240 1088 Nam
255 1045 316 1086 non
329 1028 453 1089 certanti
468 1028 549 1089 nulla
561 1041 604 1088 est
613 1027 764 1107 speranda
778 1041 917 1102 corona,

199 1117 355 1197 Palmam,
370 1142 428 1200 qua
440 1121 558 1202 capitur
570 1120 684 1205 gloria,
696 1119 765 1179 finis
777 1118 881 1180 habet.

511 1213 542 1273 X
551 1213 581 1273 X
589 1212 642 1273 Xl
652 1211 693 1273 V.

161 1303 322 1369 Coelestem
336 1307 372 1368 ad
386 1307 514 1388 patriam
525 1308 650 1367 tendens
663 1323 809 1388 cognosce
822 1317 1001 1378 vocantem,

204 1396 298 1481 Cujus
309 1400 501 1481 proveheris,
515 1401 539 1460 si
553 1401 631 1461 bene
644 1398 756 1472 curris,
773 1419 843 1478 ope.

159 1490 261 1566 Nam,
274 1493 299 1551 si
314 1505 344 1552 te
357 1493 465 1554 virtute
477 1506 526 1553 tua
540 1494 577 1553 ad
589 1492 718 1555 coelestia
729 1491 828 1552 credis

203 1581 371 1660 Scandere,
386 1587 423 1646 de
435 1586 551 1667 superis
563 1586 664 1667 pulsus
674 1586 712 1644 ad
723 1585 785 1644 ima
797 1585 896 1646 cades.

530 1679 631 1740 XXX
639 1678 679 1739 V.

139 1777 145 1786 “
162 1771 262 1854 Impia
274 1791 343 1853 pars
356 1773 460 1832 mundi
475 1774 552 1855 parti
562 1775 608 1833 'est
620 1771 727 1833 infesta
741 1775 886 1852 piorum,

205 1867 274 1930 Nec
285 1865 413 1928 tolerare
427 1879 526 1946 potest
538 1865 698 1927 dissimiles
711 1865 839 1926 animos.

165 1959 280 2021 Ridens
292 1959 428 2020 nolentes
442 1960 551 2040 opibus
562 1959 758 2041 praesentibus
770 1959 830 2034 uti,

208 2051 427 2133 sperantesque
441 2052 499 2112 sibi
512 2054 625 2113 credita
637 2071 725 2132 posse
739 2051 813 2110 dari.

165 2145 227 2206 Sed
238 2147 482 2228 spernenda-hac
493 2159 560 2206 sunt
573 2145 695 2226 populis
708 2143 878 2224 opprobria
889 2148 1008 2219 sanctis,

207 2237 287 2317 Quae
300 2239 390 2300 stultev
399 2239 512 2321 jaciunt
523 2240 612 2300 corda
623 2236 823 2308 aliena-Dum

166 2329 248 2390 Nam
264 2351 332 2411 spes
345 2345 446 2391 nostra
459 2332 563 2394 exhoc
575 2331 638 2391 visu
649 2330 682 2388 fit
694 2329 805 2391 certior
818 2331 916 2390 omni.

207 2421 301 2499 Quod
314 2424 481 2502 spondens,
492 2425 637 2503 quidquid
650 2423 818 2501 credimus,
832 2424 893 2486 huc
902 2423 987 2486 Deos
998 2435 1036 2483 est

516 2514 691 2578 XXXVI.
1047 2525 1048 2539 ³

166 2603 246 2668 Cum
258 2618 394 2668 constans
405 2606 504 2666 anima
518 2608 648 2670 adversis
660 2629 721 2669 non
735 2607 883 2691 frangitur
896 2611 981 2685 ullis,

205 2699 246 2760 Et
258 2701 328 2762 fidei
341 2699 622 2770 virtusintemerata
634 2713 742 2762 manet.

165 2793 196 2852 N
200 2795 260 2853 orit
275 2795 370 2855 inesse
385 2795 442 2855 sibi
456 2794 628 2855 Dominum
641 2795 786 2877 patientia
797 2796 907 2873 fortis,

143 2889 150 2898 “
206 2883 302 2965 luque
314 2889 377 2968 ejus
389 2889 502 2948 dunum
516 2889 596 2967 quod
608 2890 740 2963 steterit,
754 2888 876 2950 referat.
1045 2957 1046 2971 p

165 2977 195 3040 N
199 2997 247 3037 am
261 2979 341 3057 quod
354 2998 415 3038 non
430 2981 556 3057 cecidit,
570 2982 703 3063 propriis
715 2981 741 3040 si
753 2981 868 3043 viribus
880 2995 978 3067 aptat,

208 3069 278 3132 Huc
291 3071 376 3152 ipso,
390 3093 450 3152 quo
462 3094 492 3134 se
506 3085 583 3135 stare
597 3087 698 3155 putat,
711 3073 827 3136 cecidit.
