2106 3846
125 239 189 330 '254
399 261 758 318 u.1>aosrun1
927 245 1018 329 ulfy.

97 363 99 370 ’
125 361 211 422 Fons
223 359 310 442 igitur
323 357 425 418 meriti
437 370 481 418 est
493 356 569 418 lucis
583 353 689 427 Pater3
707 354 777 413 inde
790 353 875 432 quod
889 351 925 412 in
935 372 994 413 nos
1048 375 1049 418 t

126 453 281 524 Fluxerit3
297 452 356 514 hoc
368 452 457 513 nobis
469 453 622 532 majorum
634 461 680 510 est
687 467 775 511 causa
784 447 944 508 bonorum
955 489 967 523 ,
1048 467 1049 502 t

128 546 214 608 Dum
226 545 359 629 largitori
373 565 423 607 sua
437 545 612 620 reddimus,
628 563 704 623 eque
716 541 819 602 relatis

127 641 303 722 Augemur‚
317 652 512 717 nostrumque
524 640 640 698 bonum
650 637 683 696 fit
695 635 793 718 gloria
807 635 917 695 dantis

171 731 232 792 Sed
246 733 296 818 qui
309 733 453 816 judicium
466 732 583 792 arbitrii
595 731 799 809 meritumque
812 730 926 805 tueris,

130 825 254 906 Quique
265 826 425 886 hominum
436 825 540 886 studiis
550 824 674 887 ascribis
687 826 769 886 dona
779 824 937 886 vocantis:

131 919 284 984 Insantum
296 920 431 981 discerne
444 921 580 998 animos,
596 919 751 1072 effissere
762 917 866 996 quales

130 1013 283 1090 Affectus,
298 1014 458 1095 qualesque
470 1014 599 1077 habeant
632 1033 675 1074 aec
687 1025 812 1093 pectora
825 1024 940 1072 motus.

128 1107 181 1168 Da
191 1109 302 1168 teneris
314 1129 435 1184 mores,
448 1120 477 1169 et
487 1106 625 1169 libertate
636 1105 758 1168 volendi

129 1199 269 1276 Instrue,
283 1203 331 1263 vix
343 1221 422 1262 aurae
435 1201 531 1280 tenuis
544 1199 686 1276 lactisque
699 1219 835 1280 capaces.

131 1293 227 1362 Nulla
240 1294 296 1354 tibi
310 1293 425 1354 arbitrii
440 1294 623 1373 respondent
632 1291 734 1373 signa,
750 1311 807 1352 nec
820 1290 892 1351 ullis

129 1375 303 1451 Dissociare
317 1407 404 1468 pares
413 1386 527 1446 meritis
540 1397 645 1466 potes:
661 1385 803 1446 omnibus
816 1404 879 1444 uua
893 1396 943 1444 est

131 1479 270 1554 Natura,
287 1492 316 1539 et
326 1467 439 1559 pariter
452 1489 604 1557 nequeunt
614 1477 695 1538 bona
709 1477 757 1538 vel
768 1477 847 1540 mala
859 1477 957 1538 velle.

131 1571 174 1632 ,Et
184 1585 286 1632 tamen
300 1593 334 1631 ex
345 1571 406 1632 istis
419 1571 585 1632 miseratrix
598 1569 704 1632 Gratia
717 1571 865 1648 quosdam

65 1666 67 1671 ’
132 1664 247 1746 Eligit,
263 1676 292 1723 et
305 1684 423 1724 rursum
434 1665 550 1747 genitos
563 1664 741 1745 baptismate
752 1663 897 1747 traqsfert

131 1757 170 1818 In
184 1778 310 1841 regnum
321 1772 468 1818 aetemum
478 1803 488 1836 ,
500 1758 603 1818 multis
613 1758 645 1816 in
659 1771 758 1818 morte
771 1757 887 1820 relictis
902 1801 915 1833 ,

130 1853 279 1933 Quorum
301 1859 386 1914 causa
400 1853 455 1912 fuit
467 1851 575 1914 similis
588 1853 625 1912 de
635 1851 895 1914 vuluereeodem.

173 1945 243 2008 Nec
255 1947 371 2008 meritis
385 1947 462 2008 istud
475 1946 588 2027 poteris
600 1958 704 2026 aptare
717 1957 878 2026 parentum
892 1985 905 2020 ,

134 2037 201 2102 Ceu
214 2040 266 2121 pia
277 2032 425 2122 profuerit
437 2039 620 2100 redimendis
632 2059 704 2104 cura
715 2039 893 2114 bonorum,

24 2201 27 2212 ¹
131 2133 359 2212 Abstuleritque
371 2132 438 2192 aliis
449 2133 547 2192 aliena
559 2133 676 2214 ignavia
689 2133 780 2192 vitam
793 2155 800 2190 :

131 2223 216 2288 Cum
229 2225 329 2288 videas
342 2225 452 2286 multos
463 2224 570 2286 sanctis
581 2227 768 2304 genitoribus
779 2237 864 2286 ortos

130 2317 230 2380 Nullo
241 2319 347 2380 salvari
360 2318 458 2378 studio
472 2317 603 2396 potuisse
615 2337 758 2397 suorum:

132 2411 349 2493 Expositisque*
358 2409 423 2468 aliis
437 2409 477 2468 oh
492 2411 591 2490 turpia
603 2409 732 2472 crimina
744 2422 896 2484 matrum,
1048 2477 1049 2486 χ

131 2506 260 2568 Missam
274 2515 464 2562 externorum
478 2524 599 2580 curam,
613 2525 678 2582 quae
690 2516 822 2565 stercore
834 2515 944 2584 raptos
1048 2499 1049 2504 ¹

133 2598 197 2659 Per
206 2597 323 2657 sontem
335 2595 403 2657 vitae
413 2595 524 2656 coelesti
535 2599 664 2658 traderet
677 2598 762 2658 aulae.
813 2667 817 2676 ι

178 2690 263 2771 Quid
276 2691 301 2752 si
314 2691 463 2753 diversum
477 2689 556 2752 hunc
567 2692 660 2752 finem
674 2710 734 2772 quo
749 2689 857 2752 Gratia
871 2687 995 2754 Christi

121 2785 243 2847 ¹Unum
258 2787 319 2848 alio
332 2799 476 2868 pereunte
489 2784 574 2868 legit,
590 2787 739 2864 donatque
753 2784 845 2846 salute

129 2879 172 2940 ¹In
182 2881 309 2962 geminis
322 2881 412 2941 etiam
422 2881 543 2942 videas?
556 2881 637 2960 quod
649 2879 757 2942 dividis
770 2899 830 2940 uuo

135 2973 290 3054 Tempore
304 2988 465 3056 conceptos
473 2987 560 3054 atque
570 2994 630 3034 uno
643 2987 782 3054 tompore
795 2983 900 3048 natos,

138 3066 215 3132 Non
225 3067 309 3132 ulios
320 3081 408 3153 potes
419 3068 534 3133 arbitrii
542 3069 730 3156 praetendere
743 3077 853 3134 motus.
