2172 3862
6 325 129 390 ,·.10f›.
243 335 670 398 brotsortun.
828 333 902 424 ν439

6 434 195 499 immortale
206 454 313 518 genus,
328 434 468 496 mortalia
481 437 555 498 dura
564 437 674 499 subivit
687 461 695 510 ;

6 531 86 592 Non
103 529 164 590 nisi
176 547 357 609 corpoream
368 529 431 591 haec
444 519 566 610 possent
578 544 713 612 spectare
725 533 858 618 figuram:

6 624 96 686 Nam
113 641 297 702 quaecunque
310 622 394 682 daret
406 623 549 703 princeps
559 624 704 687 miracula
715 629 818 704 carni,

6 715 136 779 Sanctis
145 714 210 776 haec
223 714 362 774 homines
376 711 530 776 eventibus
543 731 608 780 acta
619 731 768 799 putarent.

6 811 102 872 ttdde
115 852 126 884 ,
148 808 230 887 quod
241 807 381 868 humanis
394 805 501 869 vitium
515 821 558 870 est
570 811 711 894 generale
724 813 868 892 catervis,

6 904 87 966 Hoc
103 901 245 976 credent,
265 902 345 980 qnod
358 900 436 962 risus
448 900 554 977 babet,
569 919 769 988 spernantque
782 909 882 971 relata.

48 993 225 1058 Credimus
239 991 327 1070 inde,
341 992 446 1056 Deum
461 997 576 1056 mundo
596 999 710 1061 venisse
724 1001 903 1079 videndum,

6 1093 53 1152 Ut
66 1090 187 1150 faceret
201 1086 316 1148 virtutis
329 1106 415 1168 opus.
430 1084 492 1148 Per
505 1088 589 1150 mille
603 1102 721 1154 catenas

6 1180 176 1244 Mentibus
190 1179 317 1240 obsessis
332 1181 436 1242 insana
446 1180 530 1242 clade
543 1181 671 1259 furoris,

9 1276 151 1359 Spiritus
162 1273 324 1355 impatiens
337 1274 452 1335 animas
465 1294 656 1354 quascunque
671 1278 826 1360 gravabat,

8 1369 101 1430 Tabe
113 1366 211 1428 fluens
222 1387 405 1448 quaecunque
415 1368 490 1430 cutis
502 1368 668 1432 madefacta
680 1371 822 1449 rubebat,

12 1463 171 1537 Ossibus,
184 1473 215 1520 et
226 1461 327 1522 nervis
342 1458 472 1522 resoluta
485 1481 575 1525 carne
589 1465 708 1526 retectis

10 1556 182 1617 Praestatnr
194 1555 237 1631 de·
247 1554 332 1616 clade
345 1555 423 1618 salus
436 1579 442 1615 :
459 1573 599 1636 reparare
613 1557 746 1638 sepultos

12 1649 135 1723 Novit,
162 1659 192 1708 et
203 1648 354 1708 exanimes
367 1647 476 1710 iterum
490 1669 632 1712 revocare
645 1649 740 1713 saluti.

12 1743 86 1826 lpse
99 1741 208 1804 oculos
218 1755 300 1802 sanat
310 1761 480 1804 caecorum:
495 1743 618 1806 luminis
632 1753 722 1808 usum
733 1777 751 1836 t'.

12 1835 222 1919 Ignotumque
232 1834 312 1894 diem
323 1835 469 1896 mirantur
481 1856 568 1898 nosse
583 1837 735 1910 tenebrae,

15 1929 126 2009 Quem
140 1927 234 1987 simul
249 1949 284 1988 ex
295 1939 381 1990 utero
394 1929 499 1989 matris
510 1941 615 1989 natura
626 1932 769 2012 negavit'

14 2022 148 2084 Mortua
161 2041 231 2103 pars
240 2021 390 2099 hominis,
404 2041 473 2104 pars
486 2021 578 2083 altera
592 2025 657 2083 viva
667 2021 798 2104 jacebat,

17 2117 128 2198 thue
142 2114 215 2177 Deo
227 2116 325 2191 visos,
338 2129 526 2197 postumus,
541 2129 570 2177 et
582 2116 696 2199 integer
708 2117 807 2176 omnis

19 2211 192 2284 Redditur,
206 2221 294 2290 atque
306 2209 389 2272 calor
402 2209 499 2270 vitalis
513 2209 545 2269 in
558 2228 624 2270 ossa
638 2209 777 2271 cucurrit.

21 2306 119 2384 Quod
134 2305 174 2364 de
186 2314 271 2384 parte
285 2303 361 2378 viri,
382 2302 453 2364 iecit
467 2304 504 2363 de
518 2321 647 2384 corpore
661 2314 744 2362 toto:

21 2398 171 2461 Praestitit
183 2397 258 2470 orba
268 2417 377 2478 parens
387 2440 397 2473 ,
408 2394 495 2457 ileret
507 2415 578 2458 cum
587 2395 694 2456 funera
704 2394 775 2455 nati.

22 2491 53 2553 N
57 2515 93 2556 ec
104 2488 202 2554 semel
215 2490 270 2550 ista
283 2490 381 2565 dedit,
396 2508 545 2569 namque,
559 2501 591 2548 ut
601 2491 638 2549 sit
650 2489 733 2572 virgo
746 2501 913 2571 superstes,

23 2585 187 2669 imperat,
202 2584 328 2668 exsurgit
340 2583 389 2644 vel
401 2581 529 2644 Lazarus
542 2596 610 2645 ante
624 2582 771 2664 sepultus,

27 2680 174 2761 Quatuor
185 2690 339 2760 exemptus
352 2689 498 2739 transacta
510 2676 576 2738 luce
589 2676 716 2736 dierum.

27 2772 192 2860 Sanguinis
205 2770 317 2836 insoliti
328 2770 433 2832 solitus
447 2771 613 2833 discurrere
623 2769 717 2830 fluxus

27 2867 77 2930 De
90 2866 330 2947 muliereperit,
346 2866 472 2946 dempto
484 2863 574 2925 simul
587 2883 677 2924 amne
690 2857 813 2923 cruoris.

29 2959 174 3044 Corripit
185 2959 235 3021 hic
245 2957 359 3033 febres,
369 2971 473 3018 ventos
484 2956 649 3038 compescit
660 2955 691 3015 in
706 2953 810 3028 undis,

30 3054 92 3119 Per
104 3073 180 3135 quas
195 3051 332 3128 Christus
344 3052 421 3126 iter,
436 3056 450 3130 (
463 3052 580 3134 stringit
593 3062 698 3110 natura
710 3047 875 3126 liquorem,

32 3145 116 3212 Cum
129 3148 317 3224 miraretur)
340 3144 432 3208 Petro
446 3145 605 3220 veniente,
620 3143 753 3224 peregit,
