2142 3858
15 345 132 420 v.3t,5.
265 355 331 407 nn
364 357 470 407 nno
504 351 600 406 ΗΒ.
631 357 657 408 n
835 341 891 415 421

18 451 59 512 Et
72 469 182 514 vocem
194 437 341 531 compago
355 449 456 523 dedit,
470 467 549 508 nova
560 446 699 509 machina
711 465 832 530 surgens

15 545 186 606 Auctorem
199 541 319 602 laudere
332 561 438 617 suum,
451 543 568 624 gavise,
584 541 664 619 qnod
677 551 761 600 esset.
832 555 836 573 ’·

53 635 146 698 Tunc
158 636 260 698 oculos
273 647 329 715 p'er
341 647 446 696 cuncta
457 634 547 716 jacit,
563 633 687 694 miratur
699 641 850 694 amoenum

16 729 66 793 stc
77 729 190 791 florere
202 729 324 803 lorum,
338 728 381 789 sie
394 727 632 808 purosiontibus
645 745 749 790 amnes
803 740 806 746 ’

17 823 159 902 Quatuor
169 822 329 883 undisonas
339 820 493 903 stringenti
504 820 618 903 gurgite
630 819 712 907 ripas

13 915 61 977 Ire
74 937 134 997 per
147 913 401 988 arboreos'saltus,
415 931 597 994 camposque
609 912 738 974 virentes

14 1007 168 1070 Miratur:
182 1009 234 1068 sed
246 1007 317 1086 qnid
330 1007 369 1066 sit
378 1005 492 1082 homo,
506 1023 581 1086 qnos
593 1006 686 1068 iaetus
697 1007 735 1066 ad
751 1024 838 1082 usos,

18 1102 100 1164 Scire
115 1100 199 1182 cupit
209 1099 350 1179 simplex,
365 1111 396 1159 et
405 1118 467 1159 non
479 1099 586 1173 babet,
599 1100 678 1160 unde
691 1100 823 1180 requiret
837 1123 844 1159 ε

20 1197 88 1275 Quo
100 1195 212 1256 merito
225 1193 347 1254 sibimet
359 1193 427 1253 duta
438 1193 475 1253 sit
485 1191 632 1274 possessio
642 1194 787 1268 mundus,

19 1289 55 1350 Et
67 1291 179 1349 domus
197 1287 275 1348 alma
289 1279 395 1346 nemus
406 1305 463 1367 per
475 1283 671 1372 floreu'regnu
683 1298 838 1366 puratum

20 1384 60 1445 Ac
73 1381 183 1464 procul
197 1391 344 1461 exspectat
355 1377 467 1442 virides
478 1379 611 1460 jumenta
621 1394 677 1460 per
688 1397 791 1460 agros,

19 1473 56 1535 Et
69 1477 107 1536 de
119 1495 151 1535 se
163 1475 285 1550 tacitus,
300 1493 366 1553 quse
376 1472 435 1533 sint
447 1471 510 1533 haec
523 1483 647 1547 cunno,
661 1471 805 1551 requirit,

20 1563 735 1648 Etquaresecnmnonsinthseeipsu,solutet:
899 1559 902 1566 ⁴

20 1658 99 1723 Nam
113 1673 253 1721 consorte
266 1679 386 1734 carens,
399 1679 469 1720 cum
481 1679 542 1738 quo
556 1658 724 1734 conferret,
737 1660 850 1742 egebat.

57 1753 187 1812 Viderat
201 1749 407 1834 Omnipotens
419 1751 482 1814 haee
491 1751 579 1812 illum
590 1754 681 1814 eorde
693 1763 883 1829 moventem,

20 1843 58 1904 Er
71 1844 230 1906 miseratus
240 1845 300 1905 ait:
315 1844 432 1906 Demus
442 1845 588 1925 adjutoria
599 1845 696 1921 iacto,
884 1908 888 1925 ‚

19 1936 204 2018 Participem
217 1938 334 2020 generis
347 1961 353 1996 :
367 1951 509 2018 tanquam
522 1939 547 1998 si
560 1938 672 2000 diceret
684 1951 788 2000 auctor
800 1980 810 2015 ,
881 1952 884 1956 ’

19 2027 91 2092 Non
104 2027 205 2090 solum
216 2031 303 2092 *decet
313 2049 376 2091 esse
387 2032 505 2105 virum,
521 2031 671 2091 consortis
681 2030 790 2091 blanda

22 2120 254 2198 novesium
263 2125 421 2199 erit,‚eum
433 2125 471 2184 sit
482 2137 585 2195 tamen
598 2123 651 2184 ille
664 2123 807 2200 maritus,

23 2212 203 2298 Coniugium
216 2234 247 2275 se
258 2216 382 2295 quisque
391 2228 492 2291 vocet,
507 2215 633 2278 dulcedo
644 2225 777 2279 recurrat

23 2304 173 2370 Cordibns
183 2309 340 2382 innocuis,
352 2321 382 2368 et
393 2310 432 2369 sit
442 2309 500 2370 sibi
513 2310 619 2392 pignus
630 2323 775 2390 uterque,

20 2397 108 2463 Velle
120 2421 224 2482 pares,
239 2413 268 2462 et
277 2401 362 2462 nolle
376 2415 479 2482 peres,
493 2413 572 2464 stans
584 2404 811 2480 unavotontss,

22 2487 78 2554 Par
91 2495 188 2554 animi
202 2509 342 2570 concors,
357 2495 479 2575 peribus
490 2515 669 2558 concurrere
681 2498 777 2573 rotis,

22 2585 121 2648 Ambo
134 2587 193 2647 sibi
206 2587 323 2666 requies
336 2588 435 2649 oordis
447 2588 523 2664 sint,
538 2591 629 2651 umbo
641 2590 763 2666 fideles,

22 2675 58 2738 Et
69 2679 241 2759 quicunque
253 2681 338 2741 datur
348 2695 453 2755 cesus,
460 2681 502 2741 sit·
508 2699 595 2743 eausa
607 2683 746 2744 duorum.

58 2773 129 2835 Nec
143 2793 248 2850 mora,
261 2775 322 2854 jam
337 2767 417 2834 veuit
429 2769 486 2834 alta
493 2775 595 2852 quies,
612 2775 772 2852 oculosque
781 2775 901 2857 supinat

26 2861 177 2942 Somnus,
192 2881 221 2927 et
233 2867 264 2926 iu
276 2861 394 2928 dui'cem
405 2865 560 2928 solvuntur
572 2867 709 2928 membru
720 2873 872 2948 soporem.
911 2916 916 2922 .

22 2953 79 3018 Sed
91 2979 163 3020 eum
172 2961 237 3040 jure
250 2959 330 3021 Deus
339 2973 353 3036 ,'
362 2959 445 3020 nulio
457 2959 654 3040 prohibente,
669 2954 779 3023 valeret

21 3048 155 3113 Demere
168 3053 361 3132 particulam,
376 3045 413 3114 de
427 3073 485 3133 qua
495 3055 563 3134 pius
574 3055 637 3135 ipse
650 3067 787 3136 pararat,

22 3140 70 3204 Ne
83 3147 112 3207 vi
126 3145 318 3212 mutauerat
331 3147 430 3230 juveni
444 3159 588 3210 sua'costu
600 3147 758 3223 dolorem,

711 3244 758 3306 36.
