2172 3862
189 305 251 382 454
457 313 784 372 nuacottrrr
964 312 1064 384 v.55;.

188 410 334 474 Paeniteat
346 399 373 470 'si
386 407 464 471 sorte
476 429 561 485 reos,
575 406 751 472 clementius
761 407 865 484 audit,

185 501 307 583 Datque
320 515 444 583 repente
457 503 524 582 pius
537 501 675 575 veniam,
696 501 847 580 donatque
861 515 993 567 reatum.
1011 511 1015 516 '

185 597 268 658 Juda
279 597 371 658 miser
383 595 502 657 reniam
512 593 537 654 si
551 593 597 654 vel
608 604 759 675 speraret,
779 593 925 656 haberet:

184 688 246 752 Sed
261 710 381 752 mernor
392 688 520 750 inlaudae
531 699 633 748 tamen
646 698 676 747 et
685 685 750 746 sinc
761 687 888 748 numine
902 690 1004 771 culpae

184 784 325 850 Credidit
336 781 438 842 infelix
449 780 524 842 nihil
537 783 598 862 jam
612 778 728 840 veniale
740 780 872 856 mereri,

181 877 366 953 Judieinque
376 894 430 935 sno
442 873 536 935 reniae
547 873 712 934 subtractus
724 871 826 934 abivit.

182 970 331 1033 Redditur
343 978 519 1048 argentum,
530 965 674 1028 scelerata
684 966 724 1026 ad
736 964 814 1027 colla
826 970 996 1047 pependit,

179 1064 241 1125 Vix
252 1062 373 1123 tandem
384 1061 497 1140 justus,
511 1078 584 1120 nam
597 1080 654 1122 nec
665 1059 831 1142 permansit
843 1079 968 1138 armus,

181 1155 348 1239 Suspensus
360 1152 451 1228 ebiit,
464 1172 496 1212 se
507 1172 578 1212 mox
589 1152 687 1213 ultore
700 1172 814 1214 serere.

179 1249 310 1313 Vincula
322 1259 521 1328 rumpuntur,
535 1246 662 1320 cecidit,
675 1245 851 1325 crepuitque
863 1250 1009 1326 cadaver,

177 1342 304 1406 Viscera
316 1341 379 1402 lusa
389 1337 503 1413 llunnt,
517 1338 590 1400 hinc
601 1357 655 1400 cor
666 1337 786 1400 crudele
800 1341 947 1419 patescit,

178 1434 380 1514 Funestatque
395 1431 476 1494 diem
490 1432 671 1513 decerpere
685 1430 754 1492 tabe
768 1433 914 1492 madenti.

216 1527 377 1610 Legimus,
393 1525 565 1588 innumeras
578 1525 697 1587 veniam
710 1524 855 1586 meruisse
867 1539 1000 1592 cateruas

175 1621 295 1684 dudaea
306 1621 344 1680 de
355 1631 443 1700 gente
457 1638 542 1691 reas,
559 1618 724 1697 mortisque
735 1617 892 1678 ministros

175 1709 306 1796 Optima
317 1723 471 1792 perpetuae
482 1711 642 1792 sumpsisse
655 1711 718 1774 heec
730 1731 857 1772 munera
869 1712 958 1789 ritae,

174 1807 318 1888 Quorum
332 1801 442 1866 Paulus
453 1817 516 1865 erat
528 1818 617 1886 eaput
629 1816 741 1866 exstans
752 1795 864 1888 grande
877 1806 1039 1870 malorum:

173 1896 215 1962 Et
225 1912 326 1962 tamen
341 1897 406 1980 ipse
418 1896 474 1958 fnit
486 1896 559 1980 legis
571 1910 642 1978 pust
654 1897 782 1964 crimine
798 1898 924 1974 donor,

172 1991 358 2076 Martyrium
372 1987 527 2074 Stephano
539 1989 591 2068 qui
604 1989 732 2065 lecerat,
746 1990 815 2051 inde
831 1992 967 2074 recepit,

171 2084 213 2148 Et
232 2085 343 2146 meruit
356 2082 497 2164 plenam,
512 2101 602 2162 quam
615 2081 740 2144 cuntulit
753 2095 840 2160 aute,
855 2104 1015 2160 coronam,
1074 2133 1075 2153 ,

169 2179 208 2240 ln
220 2197 253 2240 se
266 2195 337 2240 vcra
349 2175 412 2237 Dei
425 2174 606 2237 confirmans
618 2175 709 2236 verba
719 2176 859 2257 probarit
874 2201 883 2236 :

170 2270 245 2336 Hoc
256 2270 385 2352 patietur
396 2268 491 2330 homo
502 2309 513 2343 ,
525 2268 607 2347 qued
620 2267 777 2348 quisquam
790 2269 897 2332 lecerit
910 2269 973 2332 ulli.
1072 2277 1073 2311 l

167 2361 233 2449 ¹Sed
250 2360 349 2424 bonus
361 2360 495 2442 excepit,
511 2360 592 2440 quod
603 2373 673 2423 tunc
686 2361 846 2426 malefecit
856 2363 991 2443 iniquus,

170 2454 266 2535 Quod
277 2451 428 2536 pupulos,
442 2465 601 2536 geutmque
613 2455 724 2518 docens
737 2456 885 2517 convertit
897 2459 994 2518 eundo
1069 2483 1070 2547 p

56 2601 60 2612 .
169 2546 230 2609 Per
242 2563 346 2619 mare,
363 2557 542 2624 pertenue,
562 2558 594 2606 ut
609 2543 722 2608 Christi
733 2567 848 2610 numen
857 2551 996 2626 adorent,
1068 2563 1069 2627 l

169 2638 366 2718 Gentilesque
379 2637 473 2713 dees,
488 2651 518 2708 et
528 2639 669 2702 cordibus
680 2639 762 2701 idola
773 2641 906 2722 pellant,
1067 2647 1068 2705 l

168 2733 254 2796 Mars
266 2733 350 2796 cadet
363 2751 398 2792 ex
410 2730 533 2809 animo,
546 2744 671 2813 pereant
684 2729 849 2810 Saturnus,
864 2748 895 2795 et
906 2735 995 2798 Areas

124 2837 127 2846 '
166 2826 310 2907 Jupiter,
322 2837 411 2905 atque
426 2822 550 2900 Venus,
570 2823 712 2902 Titania,
726 2824 833 2903 Juuo,
849 2825 988 2910 Cupide,

171 2915 230 2978 Vel
245 2917 414 2998 quicunque
428 2915 471 2978 dii
484 2916 546 2978 fleti
555 2937 697 2980 sumone
709 2931 824 2982 vetusto

164 3007 338 3074 'Credantur
348 3009 392 3070 nil
405 3029 508 3092 posse,
521 3010 611 3072 simul
625 3011 701 3074 nihil
713 3031 777 3074 esse
789 3013 964 3096 probentur.

208 3100 297 3168 Solus
307 3101 419 3188 ubique
427 3102 529 3184 Deus,
542 3104 738 3182 reminsem,
753 3107 907 3184 conditor,
919 3119 1029 3190 etspet,
