2126 3848
153 359 214 432 304
417 359 775 419 ttettospttru

193 461 253 538 Et,
268 459 442 542 quodidem
454 473 516 536 est,
530 461 627 542 majus
637 459 816 536 nonhabet,
831 460 1034 540 atquemiuus.

154 554 321 638 Corporeae
333 555 420 640 longe
434 555 549 630 moles,
564 555 729 635 sorruaeque
740 554 908 630 recedant,
988 599 991 602 -

193 649 300 712 Virtus
313 669 431 710 summa
443 661 524 712 caret
536 649 663 720 finibus,
682 661 712 710 et
724 648 839 730 spatiis.

153 742 247 821 Quod
257 743 417 825 pater,hoc
426 742 700 804 simulestverbum
706 742 811 824 patris,
820 741 883 802 hoc
892 740 1037 818 utriusque

195 834 343 918 Spiritus,
356 837 406 898 hic
419 835 504 897 Deus
514 849 558 898 est
571 857 664 911 unus,
678 848 708 896 et
720 855 779 896 una
790 835 887 909 fides3

153 926 213 992 Per
225 951 315 1010 quam
328 949 471 994 verorum
485 951 553 1011 spes
559 951 626 1018 xnou
638 930 752 991 ineerta
764 930 924 991 bonorum

194 1020 364 1085 Sublimem
377 1023 480 1106 ignoto
494 1025 609 1086 scandit
620 1044 724 1084 amore
737 1023 839 1100 riam,

152 1115 194 1178 Et
205 1129 380 1201 praegustata
393 1118 495 1197 superi
510 1117 669 1180 dulcedine
684 1118 761 1178 roris

194 1210 352 1274 Doctrinis
363 1212 446 1293 pasci
456 1212 564 1294 gaudet
576 1210 760 1292 apostolicis.

153 1305 293 1389 Indignas
306 1305 438 1385 quisquis
449 1326 512 1364 non
523 1305 568 1365 vis
581 1304 735 1366 incurrere
747 1323 850 1366 causas
864 1349 874 1378 ,

122 1435 126 1439 -
195 1395 314 1460 lrinecti
324 1399 424 1474 vanis,
439 1398 633 1478 occiduisque
646 1418 735 1468 cerer

155 1489 297 1552 Mortalis
305 1493 376 1554 vitae
387 1492 516 1552 brevitas
528 1511 590 1551 non
602 1490 697 1550 multa
708 1491 855 1566 recurrit,

196 1581 369 1646 Paucorum
383 1585 478 1670 exigui
490 1584 638 1666 temporis
651 1605 720 1645 usus
732 1595 807 1666 eget.

541 1675 650 1740 CllI.

157 1771 229 1834 Esse
240 1771 361 1850 voleus,
373 1774 502 1857 gaudere
515 1785 642 1856 optans,
656 1771 733 1833 scire
747 1771 850 1833 abdita
863 1793 1014 1855 quaerens,

201 1866 243 1927 Ut
255 1879 284 1927 te
296 1887 357 1930 non
371 1881 491 1929 teneant
504 1865 630 1942 ultime„
644 1887 762 1926 summa
775 1880 864 1948 pete,

50 2047 53 2052 1
155 1959 316 2025 Delectare
331 1953 401 2023 Deo
417 1980 506 2044 rege,
518 1961 551 2020 in
565 1959 732 2022 coelestibus
744 1974 827 2037 esto,

156 2138 158 2143 μ
198 2055 240 2115 Et
252 2077 317 2136 quae
333 2075 386 2138 spe
398 2053 542 2135 sequeris,
558 2054 693 2128 credita,
709 2073 815 2115 amore
826 2067 919 2128 teue;

157 2147 253 2210 Nulla
266 2149 297 2210 in
310 2161 340 2209 te
353 2160 494 2210 maneant
504 2147 639 2208 hominis
650 2147 771 2231 vestigia
784 2148 882 2230 primi
899 2195 909 2226 ,

197 2241 267 2303 Nec
289 2242 420 2303 formam
434 2241 542 2304 veteris
552 2254 645 2324 gestet
657 2241 757 2326 imago
771 2243 861 2315 uovi;

157 2333 277 2395 Exsulta
287 2355 449 2417 agnoscens
460 2381 470 2412 ,
483 2349 513 2397 te
526 2336 610 2396 verbi
624 2336 656 2396 iu
670 2356 759 2398 carne
774 2350 916 2399 renatum
931 2387 943 2416 ‚

199 2425 292 2510 Cujus
303 2427 327 2485 si
340 2447 410 2508 pars
424 2448 468 2502 es,
484 2449 553 2512 pars
563 2441 613 2490 tua
629 2427 766 2491 Christus
776 2431 859 2507 erit,

157 2519 242 2600 Qui,
255 2540 294 2580 ue
308 2517 471 2581 damnandi
483 2523 597 2606 legeres
609 2522 689 2585 mula
700 2525 807 2608 gaudia
821 2527 952 2606 muudi,

200 2612 388 2675 Promissum
403 2615 441 2673 ad
463 2635 588 2698 regnum
599 2639 630 2678 se
643 2616 699 2677 tihi
713 2617 784 2679 fecit
796 2619 864 2680 iter.

162 2708 244 2772 Cum
255 2704 341 2792 pater
354 2710 385 2770 in
400 2709 493 2771 verbo
507 2710 545 2769 sit
560 2732 699 2794 semper,
715 2725 744 2771 et
756 2711 787 2770 in
801 2725 891 2793 patre
906 2719 1045 2785 verbum.

199 2803 304 2884 Sitque
318 2826 394 2866 unus
406 2803 490 2866 verbi
502 2803 624 2886 spiritus
637 2850 648 2883 ,
661 2818 748 2885 atque
761 2807 854 2887 patris
868 2853 880 2885 ,

161 2896 212 2959 Sic
222 2899 259 2958 de
274 2900 413 2978 personis
422 2900 517 2961 tribus
529 2899 635 2960 esttibi
646 2919 707 2959 non
721 2898 922 2966 dubitandum
939 2953 952 2984 ,

199 2989 307 3050 Unum
321 3003 375 3066 ,ut
389 2994 476 3055 docta
488 2993 560 3054 fides
572 3038 582 3070 ,
596 2993 756 3055 confiteare
769 2991 876 3057 Deum
890 3025 899 3060 :

158 3083 260 3148 Corde
272 3085 364 3173 patris
377 3087 510 3168 genitum
523 3101 601 3148 creat
618 3131 627 3162 ‚
642 3100 671 3148 et
684 3089 759 3170 regit
770 3091 876 3152 omnia
892 3097 1043 3174 verbum,

197 3177 266 3239 Nec
277 3190 377 3239 tamen
392 3193 435 3240 est
446 3180 580 3260 aliquid,
605 3181 686 3260 quod
699 3182 762 3243 sine
770 3195 857 3266 patre
867 3203 959 3269 gerat
