2106 3846
145 342 202 416 ala
396 349 753 406 nettosetttt
930 343 1026 425 sulp.

141 457 269 519 Nullum
284 455 409 517 omnino
420 457 577 520 homiuem
590 459 627 518 de
640 459 753 520 cunctis
765 457 817 536 qui
838 472 1024 540 generantur

140 551 318 624 Praetereat,
331 550 379 611 cui
391 571 453 611 non
462 572 586 635 reguum
597 596 605 626 ‚
616 553 766 630 vitamque
775 551 901 611 beatam

140 643 302 724 Impertire
315 643 409 706 velit?
422 643 491 706 Nec
505 647 587 706 enim
600 646 648 706 vel
660 659 799 726 tempore
813 657 922 705 nostro

124 771 127 786 ι
143 735 298 799 Omnibus
311 737 440 798 interris
453 740 512 820 jam
527 752 641 800 certum
653 752 696 799 est
707 739 894 798 insinuatum

144 829 256 890 Christi
269 828 483 914 Evangelium:
496 833 640 894 nedicam
655 831 774 892 exordia
782 832 861 891 doni

52 925 63 946 “
134 915 218 982 ΔΝοη
231 924 361 1004 potuisse
374 924 464 983 simul
474 925 537 984 toto
550 926 707 986 decurrere
719 925 848 985 mundo.

142 1015 199 1076 llla
213 1017 334 1096 quidem
348 1020 386 1078 ad
399 1017 525 1080 cunctos
538 1018 610 1079 ferri
621 1032 690 1080 sunt
700 1021 795 1101 jussa,
809 1017 943 1078 seduno

143 1109 298 1190 Tempore
311 1116 377 1170 nun
388 1110 499 1193 agitur,
515 1113 595 1190 quod
607 1124 745 1192 tempore
759 1107 873 1172 dicitnr
883 1131 964 1170 uno:

142 1202 288 1284 Dumque
299 1205 358 1264 suis
371 1205 465 1263 aditus
476 1203 614 1266 Domino
626 1207 774 1283 pandente
790 1202 945 1263 ministris

147 1295 294 1359 Crescunt
318 1289 473 1379 primitiae,
487 1296 597 1356 fuerint
612 1297 738 1357 omnino
750 1315 875 1357 necesse
890 1307 937 1356 est

147 1389 296 1467 Quaedam
306 1404 452 1452 terrarum
464 1402 580 1472 partes,
595 1391 647 1450 ubi
660 1389 765 1450 Gratia
778 1390 921 1449 nondum

147 1482 250 1544 Corda
262 1485 421 1544 bominum
434 1483 566 1544 tenebris
580 1483 745 1544 absolverat
760 1483 950 1563 impietatis,

144 1573 185 1636 Et
199 1577 262 1636 dira
278 1577 436 1636 ‘innumeri
448 1579 575 1638 demersi
589 1591 677 1640 nocte
691 1577 850 1656 peribant,

147 1665 226 1729 Cum
237 1668 337 1729 multae
345 1683 469 1748 accepto
482 1671 629 1752 fulgerent
640 1670 754 1728 lumine
766 1681 898 1731 mentes.

184 1761 233 1820 An
246 1761 364 1822 bonitas
377 1762 477 1822 divina
487 1763 610 1841 quidem
621 1781 683 1821 non
697 1761 808 1821 destitit
821 1780 935 1821 omnes

145 1853 233 1917 Velle
246 1875 352 1917 vocare
365 1855 523 1930 homines,
539 1857 591 1916 sed
603 1875 664 1916 non
678 1854 767 1916 simul
780 1868 850 1934 apta
864 1856 989 1917 luerunt

147 1949 250 2012 Corda
260 1951 366 2031 quibus
379 1963 501 2032 possent
512 1951 645 2011 conferri
659 1948 853 2010 donasalutis
868 1995 879 2025 ,

143 2042 229 2105 Dum
244 2065 366 2106 morum
378 2044 494 2107 obsistit
506 2043 607 2105 feritas
616 2043 781 2106 truculenta
790 2044 971 2126 magistris,

144 2136 353 2220 Difficilesque
365 2139 450 2199 aditu
463 2139 637 2202 transcurrit
652 2137 760 2199 Gratia
772 2149 879 2219 gentes
894 2162 903 2198 :

145 2229 192 2290 Ut
206 2233 348 2310 quoniam
360 2233 458 2296 lucem
471 2232 575 2293 ollerri
589 2231 746 2305 voluisset,
762 2243 791 2290 et
807 2229 885 2309 ipsis

145 2316 364 2386 Demonstrare
374 2327 482 2403 Deus,
499 2347 550 2388 sua
560 2345 708 2404 quemque
720 2325 842 2386 adversa
854 2319 1005 2384 ¹voluntas

147 2415 282 2498 Arguat,
297 2429 326 2476 et
338 2418 426 2496 culpa
440 2419 620 2502 obstringat,
637 2419 706 2498 quia
717 2418 831 2480 lumine
845 2417 961 2496 primo

148 2507 208 2568 Per
222 2508 293 2568 vitia
306 2529 471 2588 oppresso,
484 2514 522 2572 sit
531 2513 607 2574 facta
621 2513 741 2595 indigua
754 2511 890 2573 secundo
903 2513 918 2572 i

190 2599 322 2680 Quodsi
336 2601 488 2679 firmatur,
504 2605 716 2687 nequidquam
731 2605 894 2686 plectimus
909 2605 990 2668 illos

151 2693 215 2774 Qui
227 2695 343 2759 nullum
358 2697 493 2757 innatum
506 2700 613 2759 vitium
626 2699 814 2760 nascentibus
827 2698 918 2758 aiunt
936 2743 949 2776 ,

148 2787 358 2871 Incolumique
369 2812 475 2853 omnes
489 2812 556 2853 cum
571 2792 707 2853 libertate
720 2791 830 2852 creari:
854 2805 860 2810 ·

145 2881 255 2942 Gratia
265 2889 339 2962 qnos
355 2883 467 2946 Christi
480 2885 658 2946 meritorum
672 2886 804 2946 examine
817 2887 902 2965 justo

122 2970 126 2977 ’
147 2971 268 3056 Eligat,
282 2989 312 3037 et
326 2978 430 3061 dignos
441 2981 500 3042 vita
513 2991 617 3063 vocet,
632 2981 825 3060 accipiatque.

148 3067 289 3148 Namque
301 3066 459 3151 utrumque
472 3073 562 3132 simul
575 3073 676 3152 sapitis
690 3073 740 3150 qui
754 3072 872 3132 dicitis:
897 3071 1025 3136 Omnes

85 3223 91 3229 ,
150 3157 303 3234 Omnibus
315 3163 449 3227 oblatum
459 3166 590 3246 potuisse
604 3166 791 3245 apprendere
807 3185 926 3228 munus
943 3193 951 3228 :
