2106 3846
129 310 188 378 186
346 305 749 372 suc.uo.uvrrr
897 309 1001 374 mo.

128 418 226 482 Causa
236 414 351 489 subest,
363 413 496 494 junctum
508 419 655 470 monstrat
665 423 752 467 meus
762 399 880 482 turgida
888 397 1007 458 lethu.
1044 403 1047 452 t

127 510 216 571 Unus
229 508 326 569 adhuc
338 518 428 568 restat
439 503 490 584 qui
498 503 630 564 vindicet
641 500 746 560 omnia
756 495 872 568 luctus,

130 601 260 683 Postque
273 621 384 663 norem
396 599 513 660 decima
526 593 670 678 percellat
682 593 763 655 caede
775 597 936 650 merentes.

119 693 194 757 'Vos
205 696 298 755 modo
310 705 473 800 perpetuos
484 710 638 752 sacrorum
650 686 753 748 discite
765 702 885 758 mores,

131 785 271 849 Cultibus
285 801 313 848 et
323 785 456 868 propriis
467 803 607 845 mansura
618 781 683 864 lege
697 790 806 840 tenete.

131 879 309 942 Mercibus
300 902 333 940 ru
343 876 474 953 cunctis,
490 878 573 938 orbis
586 895 661 954 quos
674 871 798 935 circinat
811 867 908 939 aurai,

131 974 192 1035 lste
203 986 292 1055 caput
302 973 502 1053 princepsque
515 969 611 1044 soret,
625 985 717 1045 quem
727 962 852 1025 nominc
863 957 940 1020 belli

133 1065 274 1146 Geutiles
282 1067 429 1140 vocitant,
440 1084 494 1126 vos
506 1074 621 1122 tanturn
635 1059 725 1120 dicite
739 1056 898 1139 primurm

136 1159 280 1240 Lunaque
291 1160 338 1221 bis
347 1171 465 1239 septem
477 1176 548 1218 cum
558 1153 663 1216 feccrit
675 1151 774 1213 addita
785 1159 913 1222 noctes,

136 1251 273 1334 Vespere
286 1266 350 1314 tum
363 1270 431 1312 sero
444 1248 552 1332 dabitis
564 1245 733 1326 primordia
744 1241 843 1302 sacris.

125 1379 128 1388 ‹
139 1343 257 1406 Sumite
271 1355 459 1430 mansuetum
471 1339 598 1422 perfecti
610 1335 758 1418 temporis
769 1353 901 1417 agnum,

139 1435 205 1515 Qui
218 1449 316 1496 careat
329 1435 466 1508 macula,
481 1445 511 1492 et
522 1452 633 1513 purum
645 1432 696 1491 det
706 1443 835 1509 corpore
845 1423 954 1486 vellus.

140 1527 213 1589 Hoc
225 1527 338 1586 animal
350 1527 432 1588 sestis
444 1525 629 1597 mactabitis3
643 1525 730 1605 hujus
741 1534 907 1598 utrumque

142 1618 277 1702 signabit
289 1621 406 1701 sanguis
418 1620 516 1680 nitido
529 1621 567 1680 de
580 1636 709 1699 corpore
719 1627 856 1697 postem:

142 1713 215 1794 Hoc
225 1711 307 1774 dabit
320 1713 466 1774 indicium
479 1714 713 1774 serraudaccura
724 1706 843 1780 salutis,

144 1803 226 1869 Cum
238 1827 397 1888 percussor
410 1819 475 1889 aget
487 1806 608 1868 tacitam
622 1805 687 1866 siue
698 1801 818 1863 vulnere
832 1799 968 1873 cedem,

70 1969 74 1974 .
145 1897 313 1982 Perspiciet
326 1921 411 1963 sacro
424 1899 518 1962 limen
532 1899 680 1962 maduisse
693 1915 818 1969 cruore,

147 1993 219 2058 Hoc
231 2007 347 2057 tantum
357 1993 484 2056 transire
498 1993 622 2054 rolens.
636 1988 774 2052 distantia
785 1983 853 2047 talis

130 2093 133 2098 ’
147 2087 287 2164 Custodit
298 2103 410 2154 vestras
421 2085 529 2172 sparsis
542 2083 719 2146 amortibus
731 2081 817 2142 aedes.

148 2187 200 2250 Sic
211 2208 285 2263 nos,
303 2185 441 2259 Christe,
453 2197 538 2244 tuum
548 2179 641 2241 salvet
650 2196 741 2259 super
755 2172 859 2236 omnia
871 2171 991 2254 siguum

148 2277 525 2382 Frontibusimpositum:
537 2271 580 2336 sic
591 2270 707 2356 sanguis
719 2269 847 2348 denique
861 2278 998 2338 sanctos,

148 2373 236 2435 'l'unc
248 2369 468 2453 praemonstrati
481 2369 594 2429 dudum
607 2385 658 2446 qur
649 2363 804 2426 tunditur
815 2360 902 2445 agui,

151 2463 268 2526 Oribus
280 2462 392 2522 infusus
404 2471 505 2541 postes
516 2461 652 2523 lustrasse
663 2471 786 2520 tuorum

149 2558 234 2620 Inter
247 2553 374 2616 labentis
386 2552 532 2616 ferventia
541 2555 572 2616 su
596 2573 647 2632 era
659 2553 766 2614 mundi

153 2649 320 2726 Credatur,
335 2667 462 2729 casuque
475 2659 542 2708 tuos
556 2650 702 2712 discernat
713 2646 751 2707 ab
764 2645 860 2706 omni.

151 2743 239 2808 Dum
251 2766 313 2807 non
325 2745 454 2828 signatos
463 2743 612 2826 percurrit
625 2743 729 2804 funere
742 2757 849 2801 mucro
861 2782 870 2814 ,

153 2837 202 2900 Tu
215 2859 361 2922 cognosce
374 2850 456 2900 tuam
470 2837 608 2899 salvanda
621 2837 653 2898 in
666 2835 755 2918 plebe
768 2831 905 2916 figuram.

154 2929 201 2993 Ut
212 2952 389 3013 quocunque
400 2933 469 2996 loco
482 2946 598 2998 sauctus
611 2930 791 2994 mactabitur
802 2945 913 3010 agnus,

156 3026 255 3106 Atque
268 3026 337 3088 cibo
349 3038 483 3089 sanctum
496 3025 663 3108 porrexerit
675 3023 772 3085 hostia
774 3037 893 3124 corpus

157 3117 229 3188 ttite
242 3138 376 3198 sacrum,
390 3120 521 3190 celebret
532 3121 598 3183 vitae
611 3118 759 3207 promissa
772 3099 935 3210 ‘sequeutia
