2198 3844
140 361 183 422 16⁸
394 372 758 428 CAELttsEDtJLtt
841 389 845 397 ·
924 378 1016 446 vt77.

136 463 234 526 Testis
247 465 482 548 origo‘patrum,
498 467 644 548 nullisque
658 467 806 530 abolenda
818 486 986 549 peraevunt

85 599 86 604 κ
135 556 339 640 Temporibus
350 574 486 621 constant
496 563 638 624 virtutum
648 565 730 646 signu
742 577 870 623 tuarum.

133 652 180 713 Ex
190 655 297 736 quibus
306 656 410 720 audaci
422 657 619 740 perstringere
630 678 725 740 pauca
736 656 830 718 relatu

134 745 195 807 Vix
205 750 312 809 animis
325 749 484 812 committo
498 751 590 826 meis,
604 751 767 828 silvamque
780 762 932 832 patentem

134 841 323 926 Ingrediens,
338 843 452 923 aliquos
464 844 545 904 nitor
556 845 727 924 contingere
741 864 850 904 ramos.

133 935 218 998 Nam
229 950 349 998 centurn
362 935 432 998 licet
445 958 498 997 ora
507 957 645 1016 movens,
660 958 717 1000 vox
727 937 823 998 ferrea
834 937 961 1012 clamet,

135 1027 348 1109 centenosque
358 1051 448 1090 sonos
461 1031 625 1092 humanum
639 1044 742 1112 pectus
753 1029 890 1104 anhelet,

136 1119 253 1185 Cuncta
261 1124 331 1202 ,quis
345 1124 496 1205 expediet,
511 1146 642 1204 quorum
655 1145 713 1188 nec
723 1123 821 1187 lucida
834 1124 901 1186 coeli

134 1213 261 1294 Sidera,
276 1238 331 1280 nec
342 1218 452 1279 bibulae
464 1219 596 1280 numeris
606 1231 760 1299 aequantur
770 1220 886 1281 arenae?

174 1309 296 1372 Primus
310 1313 347 1374 ab
361 1334 452 1391 usque
467 1313 540 1374 chao
552 1313 670 1396 meritis
682 1310 832 1374 vivacibus
847 1309 954 1372 Enoch

133 1404 232 1464 Multa
244 1405 481 1485 perinuumeros
491 1408 552 1486 jam
562 1399 661 1467 se'cula
674 1407 796 1487 contigit
807 1426 918 1480 annos,

133 1497 250 1558 Natura
262 1497 405 1578 perdente
419 1499 564 1572 modurn,
579 1519 669 1577 quem
682 1499 747 1578 jure
763 1499 884 1560 creandi

133 1590 161 1652 T
162 1612 229 1652 erra
241 1589 325 1661 tulit3
340 1591 473 1673 genitum
486 1591 538 1651 sed
549 1611 631 1651 mors
649 1593 776 1651 miratur
789 1593 972 1673 ademptum.

176 1683 283 1746 Saucia
291 1687 356 1765 -jam
371 1683 475 1744 vetulae
487 1685 660 1747 marcebant
674 1687 787 1747 viscera
802 1683 918 1761 Sarrae,
976 1673 980 1692 ’

133 1776 304 1838 Graudaevo
318 1790 495 1860 consumpta
506 1779 578 1851 situ,
595 1777 774 1858 prolemque
787 1780 912 1859 negabat

132 1869 273 1953 Frigidus
286 1890 399 1931 annoso
408 1873 541 1932 moriens
554 1872 723 1952 incorpore
733 1872 848 1954 sanguis
862 1896 869 1930 ε
954 1923 956 1928 .

110 2023 111 2028 ,
135 1962 234 2040 Cum,
249 1965 367 2029 seniore
381 1965 464 2040 viro,
479 1965 569 2046 gelidi
582 1965 748 2046 praecordia
759 1966 871 2024 ventris

132 2056 170 2118 ln
183 2071 303 2138 partum
315 2071 450 2119 tumuere
460 2080 593 2134 novum,
610 2059 864 2138 tremebundaque
879 2072 983 2120 mater·

76 2201 78 2210 .
127 2151 273 2234 'Algentes
287 2166 407 2214 onerata
420 2154 520 2229 sinus,
533 2174 619 2233 spem
631 2152 725 2236 gentis
739 2141 849 2233 opimae

132 2243 253 2321 Edidit,
267 2259 297 2308 et
309 2249 409 2306 serum
421 2247 574 2327 suspendit
585 2247 621 2306 ad
633 2247 725 2305 ubera
738 2259 851 2305 uatum.

135 2337 387 2418 lllactaudumque
398 2335 468 2397 Deo
479 2352 565 2418 pater
575 2336 698 2412 obtulit,
712 2351 741 2397 at
753 2359 836 2400 sacer
850 2339 948 2422 ipsam

133 2427 195 2492 Pro
208 2432 294 2513 pueri
305 2430 409 2514 jugulis
424 2431 500 2491 aries
513 2431 656 2492 mactatur
668 2432 709 2490 ad
718 2450 810 2494 aram.

136 2522 167 2584 Ο
180 2525 249 2604 justi
263 2545 347 2586 mens
359 2537 459 2586 sancta
469 2525 547 2586 viri?
560 2525 669 2605 pietate
682 2538 820 2600 remota,

135 2617 209 2678 Plus'
220 2618 337 2699 pictatis
349 2618 476 2692 hahens,
492 2618 671 2698 contempsit
683 2617 805 2678 vulnera
817 2616 899 2693 nati,

133 2711 298 2791 Amplexus
309 2723 459 2794 praecepta
470 2709 532 2771 Dei
544 2755 553 2785 ,
568 2711 721 2796 typicique
735 2710 851 2771 cruoris

134 2805 255 2865 Auxilio
268 2817 392 2866 ventura
405 2806 508 2879 docet,
522 2805 602 2884 quod
616 2803 755 2887 sauguine
767 2803 833 2864 fuso

138 2895 280 2959 Humana
291 2911 443 2980 progente
457 2900 524 2977 pius
536 2898 727 2959 occumberet
737 2915 836 2979 agnus.

177 2989 255 3051 Loth
268 2989 411 3052 Sodomae
422 2991 551 3073 fugiente
564 2991 653 3052 chaos
666 2991 737 3050 durn
750 2989 870 3070 respicit
883 3007 956 3050 uxor

137 3083 173 3145 ln
184 3097 308 3144 statuam
322 3099 432 3145 mutata
444 3084 511 3145 salis
521 3084 682 3165 stupefacta
695 3083 854 3158 remansit,

137 3176 185 3238 Ad
198 3197 318 3262 poenam
327 3198 469 3242 conversa
481 3198 584 3242 suam:
599 3177 668 3258 quia
677 3189 961 3252 nemoretrorsum,
