<?xml version="1.0" encoding="UTF-8"?>
<!DOCTYPE html PUBLIC "-//W3C//DTD XHTML 1.0 Transitional//EN"
    "http://www.w3.org/TR/xhtml1/DTD/xhtml1-transitional.dtd">
<html xmlns="http://www.w3.org/1999/xhtml" xml:lang="en" lang="en">
 <head>
  <title>
</title>
<meta http-equiv="Content-Type" content="text/html;charset=utf-8" />
  <meta name='ocr-system' content='tesseract 3.04.00' />
  <meta name='ocr-capabilities' content='ocr_page ocr_carea ocr_par ocr_line ocrx_word'/>
</head>
<body>
  <div class='ocr_page' id='page_1' title='image "./caiicaeliisedul00sedugoog_0346.png"; bbox 0 0 2126 3848; ppageno 0'>
   <div class='ocr_carea' id='block_1_1' title="bbox 12 289 916 412">
    <p class='ocr_par' dir='ltr' id='par_1_1' title="bbox 12 289 916 412">
     <span class='ocr_line' id='line_1_1' title="bbox 12 289 916 412; baseline 0.001 -25"><span class='ocrx_word' id='word_1_1' title='bbox 12 289 141 407; x_wconf 49' lang='lat' dir='ltr'>ufiqtss</span> <span class='ocrx_word' id='word_1_2' title='bbox 257 333 513 392; x_wconf 73' lang='lat' dir='ltr'>utsrourm</span> <span class='ocrx_word' id='word_1_3' title='bbox 546 337 627 391; x_wconf 79' lang='lat' dir='ltr'>ctu.</span> <span class='ocrx_word' id='word_1_4' title='bbox 660 337 679 389; x_wconf 90' lang='lat'>1.</span> <span class='ocrx_word' id='word_1_5' title='bbox 856 327 916 412; x_wconf 79' lang='lat'>3³9</span> 
     </span>
    </p>
   </div>
   <div class='ocr_carea' id='block_1_2' title="bbox 19 429 959 3211">
    <p class='ocr_par' dir='ltr' id='par_1_2' title="bbox 22 429 734 514">
     <span class='ocr_line' id='line_1_2' title="bbox 22 429 734 514; baseline 0.004 -22"><span class='ocrx_word' id='word_1_6' title='bbox 22 431 157 492; x_wconf 84' lang='lat' dir='ltr'>Semina</span> <span class='ocrx_word' id='word_1_7' title='bbox 170 429 334 510; x_wconf 81' lang='lat' dir='ltr'>percipies!</span> <span class='ocrx_word' id='word_1_8' title='bbox 345 432 397 508; x_wconf 84' lang='lat' dir='ltr'>qui</span> <span class='ocrx_word' id='word_1_9' title='bbox 411 443 472 492; x_wconf 84' lang='lat' dir='ltr'>tam</span> <span class='ocrx_word' id='word_1_10' title='bbox 485 434 616 514; x_wconf 85' lang='lat' dir='ltr'>pretiosa</span> <span class='ocrx_word' id='word_1_11' title='bbox 626 434 734 495; x_wconf 76' lang='lat' dir='ltr'>lavacri</span> 
     </span>
    </p>

    <p class='ocr_par' dir='ltr' id='par_1_3' title="bbox 19 523 916 981">
     <span class='ocr_line' id='line_1_3' title="bbox 21 523 854 608; baseline 0.006 -26"><span class='ocrx_word' id='word_1_12' title='bbox 21 523 160 584; x_wconf 80' lang='lat' dir='ltr'>Sumere</span> <span class='ocrx_word' id='word_1_13' title='bbox 175 524 252 582; x_wconf 87' lang='lat' dir='ltr'>dona</span> <span class='ocrx_word' id='word_1_14' title='bbox 267 523 364 594; x_wconf 64' lang='lat' dir='ltr'>renim</span> <span class='ocrx_word' id='word_1_15' title='bbox 380 523 532 604; x_wconf 83' lang='lat' dir='ltr'>sterilique</span> <span class='ocrx_word' id='word_1_16' title='bbox 545 526 576 586; x_wconf 88' lang='lat' dir='ltr'>in</span> <span class='ocrx_word' id='word_1_17' title='bbox 590 543 723 608; x_wconf 77' lang='lat' dir='ltr'>corpore</span> <span class='ocrx_word' id='word_1_18' title='bbox 733 528 854 601; x_wconf 74' lang='lat' dir='ltr'>conclis,</span> 
     </span>
     <span class='ocr_line' id='line_1_4' title="bbox 20 615 865 701; baseline 0.002 -23"><span class='ocrx_word' id='word_1_19' title='bbox 20 617 124 695; x_wconf 85' lang='lat' dir='ltr'>Quod</span> <span class='ocrx_word' id='word_1_20' title='bbox 138 616 269 678; x_wconf 80' lang='lat' dir='ltr'>trucum</span> <span class='ocrx_word' id='word_1_21' title='bbox 280 615 408 690; x_wconf 82' lang='lat' dir='ltr'>meliore</span> <span class='ocrx_word' id='word_1_22' title='bbox 423 629 535 679; x_wconf 84' lang='lat' dir='ltr'>metas:</span> <span class='ocrx_word' id='word_1_23' title='bbox 549 621 673 700; x_wconf 86' lang='lat' dir='ltr'>impone</span> <span class='ocrx_word' id='word_1_24' title='bbox 689 619 865 701; x_wconf 84' lang='lat' dir='ltr'><strong>Philippum</strong></span> 
     </span>
     <span class='ocr_line' id='line_1_5' title="bbox 19 704 916 792; baseline 0.002 -22"><span class='ocrx_word' id='word_1_25' title='bbox 19 710 194 791; x_wconf 87' lang='lat' dir='ltr'>Lampadis</span> <span class='ocrx_word' id='word_1_26' title='bbox 206 729 240 769; x_wconf 85' lang='lat' dir='ltr'>os</span> <span class='ocrx_word' id='word_1_27' title='bbox 253 710 335 788; x_wconf 79' lang='lat' dir='ltr'>quod</span> <span class='ocrx_word' id='word_1_28' title='bbox 350 708 499 773; x_wconf 83' lang='lat' dir='ltr'>Hebraeos</span> <span class='ocrx_word' id='word_1_29' title='bbox 510 712 553 772; x_wconf 86' lang='lat' dir='ltr'>ait</span> <span class='ocrx_word' id='word_1_30' title='bbox 564 757 573 788; x_wconf 91' lang='lat'>‚</span> <span class='ocrx_word' id='word_1_31' title='bbox 585 704 636 792; x_wconf 87' lang='lat' dir='ltr'>qui</span> <span class='ocrx_word' id='word_1_32' title='bbox 648 715 757 774; x_wconf 82' lang='lat' dir='ltr'>meotis</span> <span class='ocrx_word' id='word_1_33' title='bbox 768 707 916 774; x_wconf 81' lang='lat' dir='ltr'>honorem</span> 
     </span>
     <span class='ocr_line' id='line_1_6' title="bbox 25 803 892 892; baseline 0.002 -28"><span class='ocrx_word' id='word_1_34' title='bbox 25 804 170 864; x_wconf 83' lang='lat' dir='ltr'>Nomine</span> <span class='ocrx_word' id='word_1_35' title='bbox 183 814 257 862; x_wconf 87' lang='lat' dir='ltr'>teste</span> <span class='ocrx_word' id='word_1_36' title='bbox 268 803 395 882; x_wconf 79' lang='lat' dir='ltr'>probat:</span> <span class='ocrx_word' id='word_1_37' title='bbox 408 807 489 886; x_wconf 81' lang='lat' dir='ltr'>jurat</span> <span class='ocrx_word' id='word_1_38' title='bbox 499 806 578 867; x_wconf 79' lang='lat' dir='ltr'>huuc</span> <span class='ocrx_word' id='word_1_39' title='bbox 590 807 693 892; x_wconf 81' lang='lat' dir='ltr'>audire</span> <span class='ocrx_word' id='word_1_40' title='bbox 704 807 876 889; x_wconf 78' lang='lat' dir='ltr'>magistrum</span> <span class='ocrx_word' id='word_1_41' title='bbox 891 883 892 888; x_wconf 8' lang='grc' dir='ltr'>η</span> 
     </span>
     <span class='ocr_line' id='line_1_7' title="bbox 19 897 778 981; baseline 0.003 -24"><span class='ocrx_word' id='word_1_42' title='bbox 19 897 179 978; x_wconf 81' lang='lat' dir='ltr'>Discipuli</span> <span class='ocrx_word' id='word_1_43' title='bbox 194 897 245 976; x_wconf 89' lang='lat' dir='ltr'>qui</span> <span class='ocrx_word' id='word_1_44' title='bbox 258 899 324 979; x_wconf 86' lang='lat' dir='ltr'>jora</span> <span class='ocrx_word' id='word_1_45' title='bbox 337 901 441 971; x_wconf 81' lang='lat' dir='ltr'>docet3</span> <span class='ocrx_word' id='word_1_46' title='bbox 453 900 535 966; x_wconf 81' lang='lat' dir='ltr'>(labit</span> <span class='ocrx_word' id='word_1_47' title='bbox 548 901 611 981; x_wconf 87' lang='lat' dir='ltr'>ipse</span> <span class='ocrx_word' id='word_1_48' title='bbox 622 900 778 981; x_wconf 83' lang='lat' dir='ltr'>prophetae</span> 
     </span>
    </p>

    <p class='ocr_par' dir='ltr' id='par_1_4' title="bbox 20 989 854 1165">
     <span class='ocr_line' id='line_1_8' title="bbox 20 989 854 1072; baseline 0.004 -23"><span class='ocrx_word' id='word_1_49' title='bbox 20 989 73 1050; x_wconf 89' lang='lat' dir='ltr'>De</span> <span class='ocrx_word' id='word_1_50' title='bbox 89 1010 150 1070; x_wconf 90' lang='lat' dir='ltr'>quo</span> <span class='ocrx_word' id='word_1_51' title='bbox 165 991 256 1051; x_wconf 80' lang='lat' dir='ltr'>rerba</span> <span class='ocrx_word' id='word_1_52' title='bbox 268 1005 392 1064; x_wconf 77' lang='lat' dir='ltr'>mount,</span> <span class='ocrx_word' id='word_1_53' title='bbox 407 993 627 1072; x_wconf 81' lang='lat' dir='ltr'>qoiqoeomuia</span> <span class='ocrx_word' id='word_1_54' title='bbox 637 993 830 1054; x_wconf 80' lang='lat' dir='ltr'>feceritolim</span> <span class='ocrx_word' id='word_1_55' title='bbox 850 1020 854 1029; x_wconf 63' lang='lat'>¹</span> 
     </span>
     <span class='ocr_line' id='line_1_9' title="bbox 24 1081 799 1165; baseline 0.003 -21"><span class='ocrx_word' id='word_1_56' title='bbox 24 1081 99 1162; x_wconf 85' lang='lat' dir='ltr'>Qua</span> <span class='ocrx_word' id='word_1_57' title='bbox 112 1082 204 1144; x_wconf 85' lang='lat' dir='ltr'>fuerit</span> <span class='ocrx_word' id='word_1_58' title='bbox 217 1103 297 1145; x_wconf 85' lang='lat' dir='ltr'>uuoc</span> <span class='ocrx_word' id='word_1_59' title='bbox 310 1098 395 1165; x_wconf 90' lang='lat' dir='ltr'>parte</span> <span class='ocrx_word' id='word_1_60' title='bbox 407 1099 500 1158; x_wconf 79' lang='lat' dir='ltr'>satus3</span> <span class='ocrx_word' id='word_1_61' title='bbox 511 1087 537 1146; x_wconf 88' lang='lat' dir='ltr'>si</span> <span class='ocrx_word' id='word_1_62' title='bbox 550 1086 687 1147; x_wconf 83' lang='lat' dir='ltr'>credulos</span> <span class='ocrx_word' id='word_1_63' title='bbox 699 1085 799 1159; x_wconf 77' lang='lat' dir='ltr'>audis,</span> 
     </span>
    </p>

    <p class='ocr_par' dir='ltr' id='par_1_5' title="bbox 27 1175 758 1360">
     <span class='ocr_line' id='line_1_10' title="bbox 27 1175 727 1256; baseline 0.001 -21"><span class='ocrx_word' id='word_1_64' title='bbox 27 1175 67 1236; x_wconf 79' lang='lat' dir='ltr'>Et</span> <span class='ocrx_word' id='word_1_65' title='bbox 77 1177 133 1237; x_wconf 88' lang='lat' dir='ltr'>tibi</span> <span class='ocrx_word' id='word_1_66' title='bbox 146 1190 298 1252; x_wconf 75' lang='lat' dir='ltr'>nasceturt</span> <span class='ocrx_word' id='word_1_67' title='bbox 312 1190 401 1256; x_wconf 88' lang='lat' dir='ltr'>tuque</span> <span class='ocrx_word' id='word_1_68' title='bbox 413 1179 482 1239; x_wconf 86' lang='lat' dir='ltr'>iude</span> <span class='ocrx_word' id='word_1_69' title='bbox 495 1179 658 1239; x_wconf 83' lang='lat' dir='ltr'>renasceris</span> <span class='ocrx_word' id='word_1_70' title='bbox 672 1177 727 1236; x_wconf 90' lang='lat' dir='ltr'>illi.</span> 
     </span>
     <span class='ocr_line' id='line_1_11' title="bbox 28 1268 758 1360; baseline -0.007 -29"><span class='ocrx_word' id='word_1_71' title='bbox 28 1269 205 1360; x_wconf 60' lang='lat' dir='ltr'>Conpqctis</span> <span class='ocrx_word' id='word_1_72' title='bbox 214 1282 392 1350; x_wconf 82' lang='lat' dir='ltr'>properatur</span> <span class='ocrx_word' id='word_1_73' title='bbox 401 1270 486 1349; x_wconf 86' lang='lat' dir='ltr'>aquis</span> <span class='ocrx_word' id='word_1_74' title='bbox 497 1271 653 1330; x_wconf 76' lang='lat' dir='ltr'>ardescere</span> <span class='ocrx_word' id='word_1_75' title='bbox 665 1268 758 1349; x_wconf 82' lang='lat' dir='ltr'>coepit</span> 
     </span>
    </p>

    <p class='ocr_par' dir='ltr' id='par_1_6' title="bbox 23 1361 830 1536">
     <span class='ocr_line' id='line_1_12' title="bbox 23 1361 830 1445; baseline 0 -23"><span class='ocrx_word' id='word_1_76' title='bbox 23 1361 164 1436; x_wconf 65' lang='lat' dir='ltr'>Eunoclfi</span> <span class='ocrx_word' id='word_1_77' title='bbox 177 1362 304 1424; x_wconf 82' lang='lat' dir='ltr'>femuda</span> <span class='ocrx_word' id='word_1_78' title='bbox 316 1362 409 1436; x_wconf 80' lang='lat' dir='ltr'>lides’,</span> <span class='ocrx_word' id='word_1_79' title='bbox 424 1363 475 1441; x_wconf 84' lang='lat' dir='ltr'>qui</span> <span class='ocrx_word' id='word_1_80' title='bbox 487 1361 601 1445; x_wconf 79' lang='lat' dir='ltr'>gurgite</span> <span class='ocrx_word' id='word_1_81' title='bbox 614 1380 732 1422; x_wconf 83' lang='lat' dir='ltr'>mersos</span> <span class='ocrx_word' id='word_1_82' title='bbox 825 1397 830 1408; x_wconf 54' lang='grc' dir='ltr'><strong><em>ι</em></strong></span> 
     </span>
     <span class='ocr_line' id='line_1_13' title="bbox 24 1452 790 1536; baseline 0 -22"><span class='ocrx_word' id='word_1_83' title='bbox 24 1452 177 1536; x_wconf 75' lang='lat' dir='ltr'>Deposuit</span> <span class='ocrx_word' id='word_1_84' title='bbox 188 1454 335 1535; x_wconf 85' lang='lat' dir='ltr'>serpentis</span> <span class='ocrx_word' id='word_1_85' title='bbox 346 1475 437 1525; x_wconf 65' lang='lat' dir='ltr'>ouum</span> <span class='ocrx_word' id='word_1_86' title='bbox 455 1455 648 1536; x_wconf 84' lang='lat' dir='ltr'>plaustroque</span> <span class='ocrx_word' id='word_1_87' title='bbox 659 1455 790 1517; x_wconf 78' lang='lat' dir='ltr'>cucurrit</span> 
     </span>
    </p>

    <p class='ocr_par' dir='ltr' id='par_1_7' title="bbox 27 1544 666 1631">
     <span class='ocr_line' id='line_1_14' title="bbox 27 1544 666 1631; baseline 0 -23"><span class='ocrx_word' id='word_1_88' title='bbox 27 1546 127 1609; x_wconf 80' lang='lat' dir='ltr'>Helice</span> <span class='ocrx_word' id='word_1_89' title='bbox 139 1544 299 1609; x_wconf 82' lang='lat' dir='ltr'>meditatos</span> <span class='ocrx_word' id='word_1_90' title='bbox 311 1549 382 1610; x_wconf 67' lang='lat' dir='ltr'>iteri</span> <span class='ocrx_word' id='word_1_91' title='bbox 390 1567 453 1609; x_wconf 87' lang='lat' dir='ltr'>nou</span> <span class='ocrx_word' id='word_1_92' title='bbox 463 1567 557 1629; x_wconf 83' lang='lat' dir='ltr'>parva</span> <span class='ocrx_word' id='word_1_93' title='bbox 565 1548 666 1631; x_wconf 78' lang='lat' dir='ltr'>figurae</span> 
     </span>
    </p>

    <p class='ocr_par' dir='ltr' id='par_1_8' title="bbox 26 1637 838 1999">
     <span class='ocr_line' id='line_1_15' title="bbox 28 1637 796 1723; baseline -0.004 -21"><span class='ocrx_word' id='word_1_94' title='bbox 28 1639 125 1702; x_wconf 84' lang='lat' dir='ltr'>Causa</span> <span class='ocrx_word' id='word_1_95' title='bbox 136 1640 193 1701; x_wconf 90' lang='lat' dir='ltr'>sub</span> <span class='ocrx_word' id='word_1_96' title='bbox 206 1641 341 1703; x_wconf 75' lang='lat' dir='ltr'>obscura·</span> <span class='ocrx_word' id='word_1_97' title='bbox 354 1640 484 1723; x_wconf 80' lang='lat' dir='ltr'>regionis</span> <span class='ocrx_word' id='word_1_98' title='bbox 491 1637 621 1722; x_wconf 81' lang='lat' dir='ltr'>imagine</span> <span class='ocrx_word' id='word_1_99' title='bbox 630 1641 730 1714; x_wconf 83' lang='lat' dir='ltr'>lucet,</span> <span class='ocrx_word' id='word_1_100' title='bbox 793 1703 796 1708; x_wconf 15' lang='grc' dir='ltr'><strong>Α</strong></span> 
     </span>
     <span class='ocr_line' id='line_1_16' title="bbox 26 1731 808 1814; baseline -0.001 -19"><span class='ocrx_word' id='word_1_101' title='bbox 26 1734 218 1814; x_wconf 78' lang='lat' dir='ltr'>Comprobat</span> <span class='ocrx_word' id='word_1_102' title='bbox 234 1733 687 1811; x_wconf 69' lang='lat' dir='ltr'>Heptatirustaedarumloetlere</span> <span class='ocrx_word' id='word_1_103' title='bbox 697 1731 808 1794; x_wconf 84' lang='lat' dir='ltr'>Mosen</span> 
     </span>
     <span class='ocr_line' id='line_1_17' title="bbox 26 1823 838 1908; baseline -0.007 -20"><span class='ocrx_word' id='word_1_104' title='bbox 26 1825 213 1908; x_wconf 75' lang='lat' dir='ltr'>AEthiopcm</span> <span class='ocrx_word' id='word_1_105' title='bbox 225 1824 352 1886; x_wconf 75' lang='lat' dir='ltr'>sociasse</span> <span class='ocrx_word' id='word_1_106' title='bbox 365 1823 441 1896; x_wconf 63' lang='lat' dir='ltr'>sitm</span> <span class='ocrx_word' id='word_1_107' title='bbox 454 1845 545 1903; x_wconf 87' lang='lat' dir='ltr'>quem</span> <span class='ocrx_word' id='word_1_108' title='bbox 557 1826 695 1908; x_wconf 78' lang='lat' dir='ltr'>dogmata</span> <span class='ocrx_word' id='word_1_109' title='bbox 707 1828 838 1906; x_wconf 80' lang='lat' dir='ltr'>produnt</span> 
     </span>
     <span class='ocr_line' id='line_1_18' title="bbox 29 1917 744 1999; baseline -0.003 -21"><span class='ocrx_word' id='word_1_110' title='bbox 29 1919 138 1981; x_wconf 79' lang='lat' dir='ltr'>Postea</span> <span class='ocrx_word' id='word_1_111' title='bbox 152 1939 222 1980; x_wconf 89' lang='lat' dir='ltr'>cum</span> <span class='ocrx_word' id='word_1_112' title='bbox 234 1917 373 1979; x_wconf 87' lang='lat' dir='ltr'>Domiuo</span> <span class='ocrx_word' id='word_1_113' title='bbox 384 1918 509 1980; x_wconf 72' lang='lat' dir='ltr'>vicinius</span> <span class='ocrx_word' id='word_1_114' title='bbox 520 1938 574 1978; x_wconf 88' lang='lat' dir='ltr'>ore</span> <span class='ocrx_word' id='word_1_115' title='bbox 587 1919 722 1999; x_wconf 82' lang='lat' dir='ltr'>lpcotom</span> <span class='ocrx_word' id='word_1_116' title='bbox 735 1962 744 1992; x_wconf 87' lang='lat'>‚</span> 
     </span>
    </p>

    <p class='ocr_par' dir='ltr' id='par_1_9' title="bbox 29 2010 890 2280">
     <span class='ocr_line' id='line_1_19' title="bbox 29 2010 814 2094; baseline -0.006 -21"><span class='ocrx_word' id='word_1_117' title='bbox 29 2012 111 2092; x_wconf 81' lang='lat' dir='ltr'>Quid</span> <span class='ocrx_word' id='word_1_118' title='bbox 124 2011 238 2072; x_wconf 88' lang='lat' dir='ltr'>mirum</span> <span class='ocrx_word' id='word_1_119' title='bbox 251 2012 276 2072; x_wconf 85' lang='lat' dir='ltr'>si</span> <span class='ocrx_word' id='word_1_120' title='bbox 286 2010 360 2094; x_wconf 81' lang='lat' dir='ltr'>legis</span> <span class='ocrx_word' id='word_1_121' title='bbox 372 2028 476 2088; x_wconf 83' lang='lat' dir='ltr'>amor,</span> <span class='ocrx_word' id='word_1_122' title='bbox 489 2025 561 2072; x_wconf 86' lang='lat' dir='ltr'>tuuc</span> <span class='ocrx_word' id='word_1_123' title='bbox 573 2029 708 2072; x_wconf 86' lang='lat' dir='ltr'>crescere</span> <span class='ocrx_word' id='word_1_124' title='bbox 722 2010 814 2090; x_wconf 86' lang='lat' dir='ltr'>coepit</span> 
     </span>
     <span class='ocr_line' id='line_1_20' title="bbox 29 2103 890 2185; baseline -0.007 -18"><span class='ocrx_word' id='word_1_125' title='bbox 29 2104 171 2167; x_wconf 69' lang='lat' dir='ltr'>Ecclesia</span> <span class='ocrx_word' id='word_1_126' title='bbox 184 2105 342 2185; x_wconf 86' lang='lat' dir='ltr'>cunjuncta</span> <span class='ocrx_word' id='word_1_127' title='bbox 354 2103 426 2181; x_wconf 78' lang='lat' dir='ltr'>fuir,</span> <span class='ocrx_word' id='word_1_128' title='bbox 440 2105 522 2184; x_wconf 83' lang='lat' dir='ltr'>quod</span> <span class='ocrx_word' id='word_1_129' title='bbox 533 2122 642 2185; x_wconf 85' lang='lat' dir='ltr'>sponsa</span> <span class='ocrx_word' id='word_1_130' title='bbox 653 2103 795 2183; x_wconf 83' lang='lat' dir='ltr'>perennio</span> <span class='ocrx_word' id='word_1_131' title='bbox 887 2125 890 2136; x_wconf 54' lang='lat'>¹</span> 
     </span>
     <span class='ocr_line' id='line_1_21' title="bbox 29 2195 783 2280; baseline -0.009 -21"><span class='ocrx_word' id='word_1_132' title='bbox 29 2197 97 2260; x_wconf 89' lang='lat' dir='ltr'>llac</span> <span class='ocrx_word' id='word_1_133' title='bbox 106 2198 207 2260; x_wconf 85' lang='lat' dir='ltr'>reuiat</span> <span class='ocrx_word' id='word_1_134' title='bbox 217 2199 254 2258; x_wconf 80' lang='lat' dir='ltr'>tle</span> <span class='ocrx_word' id='word_1_135' title='bbox 265 2209 352 2280; x_wconf 82' lang='lat' dir='ltr'>geute</span> <span class='ocrx_word' id='word_1_136' title='bbox 363 2198 473 2280; x_wconf 57' lang='lat' dir='ltr'>megin</span> <span class='ocrx_word' id='word_1_137' title='bbox 484 2214 541 2259; x_wconf 86' lang='lat' dir='ltr'>uec</span> <span class='ocrx_word' id='word_1_138' title='bbox 551 2195 665 2258; x_wconf 80' lang='lat' dir='ltr'>cantica</span> <span class='ocrx_word' id='word_1_139' title='bbox 676 2195 783 2266; x_wconf 81' lang='lat' dir='ltr'>coelam</span> 
     </span>
    </p>

    <p class='ocr_par' dir='ltr' id='par_1_10' title="bbox 29 2281 959 2839">
     <span class='ocr_line' id='line_1_22' title="bbox 29 2281 959 2370; baseline -0.003 -19"><span class='ocrx_word' id='word_1_140' title='bbox 29 2290 106 2370; x_wconf 84' lang='lat' dir='ltr'>Quae</span> <span class='ocrx_word' id='word_1_141' title='bbox 118 2291 234 2352; x_wconf 78' lang='lat' dir='ltr'>luscam</span> <span class='ocrx_word' id='word_1_142' title='bbox 241 2290 456 2370; x_wconf 86' lang='lat' dir='ltr'>pulchramque</span> <span class='ocrx_word' id='word_1_143' title='bbox 465 2302 581 2360; x_wconf 75' lang='lat' dir='ltr'>rocaut3</span> <span class='ocrx_word' id='word_1_144' title='bbox 594 2281 658 2350; x_wconf 70' lang='lat' dir='ltr'>haec</span> <span class='ocrx_word' id='word_1_145' title='bbox 666 2289 762 2370; x_wconf 81' lang='lat' dir='ltr'>pergit</span> <span class='ocrx_word' id='word_1_146' title='bbox 771 2288 917 2348; x_wconf 83' lang='lat' dir='ltr'>abaustro</span> <span class='ocrx_word' id='word_1_147' title='bbox 957 2335 959 2338; x_wconf 85' lang='lat'>.</span> 
     </span>
     <span class='ocr_line' id='line_1_23' title="bbox 31 2380 817 2464; baseline 0 -22"><span class='ocrx_word' id='word_1_148' title='bbox 31 2382 216 2463; x_wconf 78' lang='lat' dir='ltr'>AEtltiopum</span> <span class='ocrx_word' id='word_1_149' title='bbox 229 2383 280 2464; x_wconf 88' lang='lat' dir='ltr'>qui</span> <span class='ocrx_word' id='word_1_150' title='bbox 292 2394 387 2442; x_wconf 89' lang='lat' dir='ltr'>torret</span> <span class='ocrx_word' id='word_1_151' title='bbox 396 2381 524 2442; x_wconf 57' lang='lat' dir='ltr'>fimum</span> <span class='ocrx_word' id='word_1_152' title='bbox 539 2380 709 2443; x_wconf 73' lang='lat' dir='ltr'>Salomonis</span> <span class='ocrx_word' id='word_1_153' title='bbox 719 2380 752 2442; x_wconf 89' lang='lat' dir='ltr'>io</span> <span class='ocrx_word' id='word_1_154' title='bbox 763 2401 817 2442; x_wconf 88' lang='lat' dir='ltr'>ore</span> 
     </span>
     <span class='ocr_line' id='line_1_24' title="bbox 33 2474 785 2552; baseline 0.001 -18"><span class='ocrx_word' id='word_1_155' title='bbox 33 2474 193 2540; x_wconf 79' lang='lat' dir='ltr'>Pacificum</span> <span class='ocrx_word' id='word_1_156' title='bbox 203 2474 323 2536; x_wconf 83' lang='lat' dir='ltr'>laudare</span> <span class='ocrx_word' id='word_1_157' title='bbox 337 2493 445 2548; x_wconf 76' lang='lat' dir='ltr'>mum,</span> <span class='ocrx_word' id='word_1_158' title='bbox 460 2494 521 2552; x_wconf 80' lang='lat' dir='ltr'>quo</span> <span class='ocrx_word' id='word_1_159' title='bbox 534 2476 659 2536; x_wconf 82' lang='lat' dir='ltr'>nomine</span> <span class='ocrx_word' id='word_1_160' title='bbox 671 2477 785 2536; x_wconf 84' lang='lat' dir='ltr'>dudum</span> 
     </span>
     <span class='ocr_line' id='line_1_25' title="bbox 33 2563 907 2652; baseline 0.002 -26"><span class='ocrx_word' id='word_1_161' title='bbox 33 2566 184 2652; x_wconf 79' lang='lat' dir='ltr'>Signatum</span> <span class='ocrx_word' id='word_1_162' title='bbox 197 2580 238 2629; x_wconf 87' lang='lat' dir='ltr'>est</span> <span class='ocrx_word' id='word_1_163' title='bbox 250 2567 329 2646; x_wconf 85' lang='lat' dir='ltr'>quod</span> <span class='ocrx_word' id='word_1_164' title='bbox 340 2563 591 2639; x_wconf 79' lang='lat' dir='ltr'>Christoshabet3</span> <span class='ocrx_word' id='word_1_165' title='bbox 606 2572 667 2651; x_wconf 86' lang='lat' dir='ltr'>jam</span> <span class='ocrx_word' id='word_1_166' title='bbox 682 2569 782 2630; x_wconf 87' lang='lat' dir='ltr'>debita</span> <span class='ocrx_word' id='word_1_167' title='bbox 794 2569 907 2628; x_wconf 86' lang='lat' dir='ltr'>muodo</span> 
     </span>
     <span class='ocr_line' id='line_1_26' title="bbox 32 2660 786 2745; baseline -0.003 -22"><span class='ocrx_word' id='word_1_168' title='bbox 32 2660 193 2724; x_wconf 80' lang='lat' dir='ltr'>Custodem</span> <span class='ocrx_word' id='word_1_169' title='bbox 204 2661 357 2743; x_wconf 78' lang='lat' dir='ltr'>praemittit</span> <span class='ocrx_word' id='word_1_170' title='bbox 370 2679 481 2741; x_wconf 76' lang='lat' dir='ltr'>opum3</span> <span class='ocrx_word' id='word_1_171' title='bbox 497 2681 557 2741; x_wconf 90' lang='lat' dir='ltr'>quo</span> <span class='ocrx_word' id='word_1_172' title='bbox 564 2664 692 2745; x_wconf 77' lang='lat' dir='ltr'>pignore</span> <span class='ocrx_word' id='word_1_173' title='bbox 701 2681 786 2744; x_wconf 74' lang='lat' dir='ltr'>gazas</span> 
     </span>
     <span class='ocr_line' id='line_1_27' title="bbox 32 2749 692 2839; baseline -0.002 -25"><span class='ocrx_word' id='word_1_174' title='bbox 32 2753 160 2839; x_wconf 88' lang='lat' dir='ltr'>Incipiat</span> <span class='ocrx_word' id='word_1_175' title='bbox 172 2756 309 2837; x_wconf 83' lang='lat' dir='ltr'>prolerre</span> <span class='ocrx_word' id='word_1_176' title='bbox 323 2773 398 2815; x_wconf 83' lang='lat' dir='ltr'>tuas.</span> <span class='ocrx_word' id='word_1_177' title='bbox 412 2752 582 2818; x_wconf 73' lang='lat' dir='ltr'>‘l&#39;hesaurus</span> <span class='ocrx_word' id='word_1_178' title='bbox 595 2756 627 2814; x_wconf 88' lang='lat' dir='ltr'>iu</span> <span class='ocrx_word' id='word_1_179' title='bbox 640 2749 692 2813; x_wconf 88' lang='lat' dir='ltr'>illa</span> 
     </span>
    </p>

    <p class='ocr_par' dir='ltr' id='par_1_11' title="bbox 34 2846 901 3211">
     <span class='ocr_line' id='line_1_28' title="bbox 39 2846 894 2932; baseline -0.004 -23"><span class='ocrx_word' id='word_1_180' title='bbox 39 2848 115 2928; x_wconf 83' lang='lat' dir='ltr'>Quis</span> <span class='ocrx_word' id='word_1_181' title='bbox 136 2851 239 2932; x_wconf 86' lang='lat' dir='ltr'>potior</span> <span class='ocrx_word' id='word_1_182' title='bbox 251 2867 341 2928; x_wconf 87' lang='lat' dir='ltr'>quam</span> <span class='ocrx_word' id='word_1_183' title='bbox 354 2847 445 2910; x_wconf 86' lang='lat' dir='ltr'>loutis</span> <span class='ocrx_word' id='word_1_184' title='bbox 454 2848 554 2908; x_wconf 85' lang='lat' dir='ltr'>honor</span> <span class='ocrx_word' id='word_1_185' title='bbox 567 2849 581 2909; x_wconf 71' lang='lat' dir='ltr'>l</span> <span class='ocrx_word' id='word_1_186' title='bbox 595 2849 675 2926; x_wconf 87' lang='lat' dir='ltr'>qood</span> <span class='ocrx_word' id='word_1_187' title='bbox 687 2846 775 2906; x_wconf 88' lang='lat' dir='ltr'>ditius</span> <span class='ocrx_word' id='word_1_188' title='bbox 786 2865 894 2906; x_wconf 81' lang='lat' dir='ltr'>aurum</span> 
     </span>
     <span class='ocr_line' id='line_1_29' title="bbox 34 2940 901 3027; baseline -0.007 -21"><span class='ocrx_word' id='word_1_189' title='bbox 34 2940 137 3022; x_wconf 83' lang='lat' dir='ltr'>Quam</span> <span class='ocrx_word' id='word_1_190' title='bbox 152 2943 286 3027; x_wconf 78' lang='lat' dir='ltr'>locuples</span> <span class='ocrx_word' id='word_1_191' title='bbox 297 2942 352 3005; x_wconf 81' lang='lat' dir='ltr'>tub</span> <span class='ocrx_word' id='word_1_192' title='bbox 364 2944 455 3006; x_wconf 83' lang='lat' dir='ltr'>corde</span> <span class='ocrx_word' id='word_1_193' title='bbox 467 2942 561 3003; x_wconf 83' lang='lat' dir='ltr'>fides?</span> <span class='ocrx_word' id='word_1_194' title='bbox 573 2961 663 3021; x_wconf 84' lang='lat' dir='ltr'>qoam</span> <span class='ocrx_word' id='word_1_195' title='bbox 676 2940 806 3020; x_wconf 82' lang='lat' dir='ltr'>denique</span> <span class='ocrx_word' id='word_1_196' title='bbox 821 2952 901 3002; x_wconf 87' lang='lat' dir='ltr'>recte</span> 
     </span>
     <span class='ocr_line' id='line_1_30' title="bbox 40 3033 828 3118; baseline 0.001 -23"><span class='ocrx_word' id='word_1_197' title='bbox 40 3033 170 3101; x_wconf 79' lang='lat' dir='ltr'>Praerius</span> <span class='ocrx_word' id='word_1_198' title='bbox 179 3038 251 3100; x_wconf 87' lang='lat' dir='ltr'>huic</span> <span class='ocrx_word' id='word_1_199' title='bbox 263 3038 357 3118; x_wconf 75' lang='lat' dir='ltr'>spado</span> <span class='ocrx_word' id='word_1_200' title='bbox 371 3049 437 3110; x_wconf 83' lang='lat' dir='ltr'>eet,</span> <span class='ocrx_word' id='word_1_201' title='bbox 465 3054 525 3114; x_wconf 85' lang='lat' dir='ltr'>quo</span> <span class='ocrx_word' id='word_1_202' title='bbox 536 3035 723 3114; x_wconf 75' lang='lat' dir='ltr'>procedente</span> <span class='ocrx_word' id='word_1_203' title='bbox 733 3034 828 3096; x_wconf 81' lang='lat' dir='ltr'>libido</span> 
     </span>
     <span class='ocr_line' id='line_1_31' title="bbox 37 3125 840 3211; baseline -0.007 -21"><span class='ocrx_word' id='word_1_204' title='bbox 37 3125 176 3208; x_wconf 83' lang='lat' dir='ltr'>Pellitur,</span> <span class='ocrx_word' id='word_1_205' title='bbox 190 3145 220 3194; x_wconf 89' lang='lat' dir='ltr'>et</span> <span class='ocrx_word' id='word_1_206' title='bbox 232 3132 354 3210; x_wconf 84' lang='lat' dir='ltr'>capiunt</span> <span class='ocrx_word' id='word_1_207' title='bbox 368 3128 497 3192; x_wconf 84' lang='lat' dir='ltr'>coelcstia</span> <span class='ocrx_word' id='word_1_208' title='bbox 507 3148 598 3211; x_wconf 82' lang='lat' dir='ltr'>regna</span> <span class='ocrx_word' id='word_1_209' title='bbox 611 3127 721 3209; x_wconf 89' lang='lat' dir='ltr'>pudici.</span> <span class='ocrx_word' id='word_1_210' title='bbox 837 3169 840 3176; x_wconf 85' lang='lat'>.</span> 
     </span>
    </p>
   </div>
   <div class='ocr_carea' id='block_1_3' title="bbox 0 0 1079 3848">
    <p class='ocr_par' dir='ltr' id='par_1_12' title="bbox 0 0 1079 3848">
     <span class='ocr_line' id='line_1_32' title="bbox 0 0 1079 3848; baseline 0 0"><span class='ocrx_word' id='word_1_211' title='bbox 0 0 1079 3848; x_wconf 95' lang='lat' dir='ltr'> </span> 
     </span>
    </p>
   </div>
  </div>
 </body>
</html>
