2198 3844
31 336 154 426 r.137.
276 299 706 402 csnmnu'ntsonsnn
891 329 933 398 63

32 445 126 510 'l'unc
139 445 189 507 vir
202 441 402 525 apostolicus,
416 463 496 504 nunc
509 441 574 502 vilis
582 453 716 522 apostata
730 439 832 504 iactus.

77 540 121 600 At
137 537 293 599 Dominus
304 537 421 618 patiens
435 557 503 600 cum
516 535 652 617 praesidis
664 548 734 597 ante
747 536 880 602 tribunal

37 630 159 706 Staret,
175 643 207 692 ut
220 633 259 692 ad
271 631 404 714 jirgulum
416 631 519 694 (luctus
533 630 707 692 mitissimus
719 651 831 714 agnus„

37 725 96 788 Nil
109 725 236 788 inimica
248 725 357 787 cohors
371 724 497 786 insontis
508 726 649 808 sanguine
662 726 787 808 dignum

39 819 252 902 Repperiens,
267 837 370 901 regern
382 819 464 898 quod
479 839 510 880 se
521 839 571 882 rex
585 819 697 879 dixerat
705 840 784 894 esse,

44 911 177 996 Objicit.
194 925 226 974 et
237 933 345 976 verum
353 913 478 972 mendas
491 933 548 994 pro
563 913 690 975 crimine
706 913 797 975 ducit.

39 1005 108 1069 Nee
120 1006 258 1081 mirum,
272 1006 298 1066 si
309 1007 374 1086 jura
384 1003 448 1067 Dei
460 1027 532 1088 gens
543 1005 658 1088 perlida
670 1006 762 1080 vitet,

36 1097 271 1182 Imperiumque
284 1111 389 1182 neget,
402 1098 489 1162 lucos·
498 1121 564 1179 quse
575 1098 838 1180 semperamavit,

37 1191 125 1254 ldola
133 1191 254 1262 dilexit
268 1192 361 1252 simili
373 1211 445 1256 nam
459 1212 547 1254 more
560 1191 714 1268 furentes,

38 1285 127 1351 Tunc
140 1286 264 1349 coluere
276 1284 372 1360 Baal,
387 1307 469 1348 nunc
482 1286 599 1369 elegere
609 1285 806 1362 Barabbam,

39 1378 340 1460 Damnatoquepio,
355 1390 589 1459 conservatoque
600 1392 764 1460 protervo,

40 1470 174 1535 Mutavit
184 1494 241 1555 per
257 1485 417 1554 utrumqne
430 1474 510 1535 viam
521 1475 667 1535 sententia
677 1476 795 1556 justam.

40 1565 158 1628 Auctor
171 1567 278 1628 mortis
291 1581 369 1644 erat,
384 1569 480 1649 jussus
491 1567 543 1648 qui
554 1587 674 1629 sumere
686 1567 805 1642 lucem,

41 1661 161 1722 Auctor
172 1660 247 1722 lacis
259 1664 448 1742 erat,jussus
459 1662 513 1741 qui
524 1681 643 1723 sumere
656 1675 798 1722 mortem.
1040 1729 1043 1733 ,

42 1750 168 1815 Credite
179 1755 243 1835 jam
255 1749 427 1829 Christum,
441 1775 499 1836 pro
510 1755 624 1817 cunetis
635 1755 748 1817 credite
760 1769 891 1835 passum.
952 1818 955 1822 ,

43 1844 128 1924 Quid
138 1846 282 1908 dubitatis
293 1848 407 1911 adhuc?
420 1868 458 1909 en
470 1860 565 1910 sectus
576 1860 657 1933 terga
669 1842 813 1931 flagellis,

40 1939 185 2004 Subuitus
198 1939 393 2024 opprobriis,
407 1962 510 2027 poenas
523 1941 714 2022 amplectitur
728 1960 855 2016 omnes,

39 2033 91 2095 Ne
102 2033 209 2116 dignm
221 2029 332 2090 sentire
344 2047 452 2092 necem
462 2028 510 2092 vel
524 2027 602 2090 latro
614 2030 738 2110 periret.

83 2124 228 2187 Heuialx
239 2135 323 2184 torva
335 2135 474 2203 patmm,
488 2134 736 2206 segetemeaesura
746 2121 908 2203 nepotum!
950 2171 953 2175 .
1029 2141 1032 2146 ·

45 2219 116 2282 lleu
127 2218 259 2292 lacinus,
276 2213 386 2290 Pilato,
400 2215 500 2278 tuum!
514 2227 588 2295 quot
598 2215 721 2299 gesseris
731 2235 792 2279 uuo

47 2311 184 2376 Crimina
196 2308 326 2392 jcsdiuio,
341 2308 423 2394 vigili
432 2309 461 2370 si
470 2321 571 2370 mente
584 2322 724 2386 notares,

45 2405 118 2468 Non
129 2404 210 2467 solas
220 2403 324 2465 lavisse
336 2423 440 2465 manus
450 2447 460 2480 ,
472 2403 526 2465 setl
538 2422 667 2485 corpore
680 2416 744 2464 toto
858 2483 861 2489 .

44 2500 201 2562 Debueras
210 2517 327 2560 sacrum
339 2497 433 2558 renisa
446 2509 567 2579 sperare
579 2489 741 2559 lavacrum.

51 2591 187 2676 Corripis
201 2592 370 2664 insontem,
384 2590 462 2652 sistis
470 2591 526 2653 sub
534 2580 661 2672 praesitle
672 2609 794 2674 regem,

51 2683 204 2769 Praeponis
216 2685 350 2746 bumana
357 2683 444 2770 Deos
459 2704 517 2764 qua
529 2695 631 2746 morte
640 2684 751 2746 teneris
763 2726 773 2757 ,
790 2731 793 2742 ,

52 2778 110 2858 Qui
119 2778 298 2840 Dominum
305 2797 469 2840 numerosa·
477 2780 562 2842 cruci
570 2799 627 2861 per
640 2776 760 2839 uulnera
773 2773 862 2861 figis?

89 2872 230 2954 Cumque
244 2873 329 2933 datus
339 2874 424 2936 saeris
436 2874 606 2954 adpositam
616 2885 733 2935 sanetus
746 2873 842 2934 abiret

52 2965 218 3043 Militibus,
231 2966 322 3028 vilem
333 2967 417 3029 rubri
427 2968 482 3029 sub
496 2967 627 3051 tegmine
641 2968 724 3032 cocci
816 2960 818 2964 ’

53 3059 182 3124 Vertitur
192 3059 397 3144 chlamydem,
410 3061 525 3141 species
537 3074 569 3121 ut
580 3075 685 3123 cuncta
699 3073 827 3124 cruentae

53 3151 158 3228 lionis
168 3155 271 3240 imago
280 3153 358 3224 iuret
367 3175 378 3230 ς
387 3154 483 3240 spinis
494 3155 691 3226 orcumdedit
703 3153 846 3238 amplum
