2126 3848
14 285 141 361 v.6rt.·
273 295 525 350 nrsronrrn
558 252 644 348 sin
677 299 698 348 1.
844 287 903 372 337
937 263 939 270 ’

14 393 183 452 lnlernum
192 390 274 469 quod
285 389 420 452 hebraeus
432 389 472 450 ait
484 414 491 450 r
503 393 565 473 jam
577 403 691 454 constat
702 387 832 472 utrisque

18 485 110 544 Hinc
120 483 264 543 meritum
277 483 387 545 sentire
398 504 501 558 suum,
515 504 584 546 cum
594 476 700 566 sydera
712 499 843 569 martyr,

18 575 194 638 Carnifices
207 576 327 636 infirma
340 589 443 657 petunt
456 597 520 638 sors
531 577 631 658 prima
641 578 753 640 revelat
865 611 869 620 ·

17 669 268 750 Exemplumque
282 683 379 745 creat,
392 671 473 748 quod
486 669 557 730 talia
568 670 647 731 bella
657 672 771 752 gerenti

20 762 97 824 Hoc
113 762 151 822 de
162 760 245 821 sonte
254 760 321 823 fluit
335 787 342 822 :
356 763 399 824 sic
412 762 615 826 occidentibus
628 775 660 824 ut
674 784 744 826 mox

18 855 152 916 Tartara
165 855 340 930 succedant,
355 853 553 917 morientibus
565 867 641 916 astra
653 869 813 937 patescant.

64 947 158 1029 Saepe
170 947 227 1006 sibi
238 947 354 1008 socium
369 946 476 1012 Petrus
484 948 555 1009 fecit
567 969 629 1010 esse
642 949 666 1008 J
667 970 796 1012 oannem

22 1041 172 1104 Ecclesiae
185 1040 253 1119 quia
266 1039 349 1122 virgo
362 1040 473 1120 placet:
488 1062 548 1120 quo
560 1042 688 1122 denique
701 1046 802 1124 juncto

27 1133 173 1194 Samariae
186 1133 282 1194 vicina
294 1146 399 1213 petens
408 1134 595 1214 baptismatis
605 1135 693 1196 undis
745 1143 749 1148 '

27 1227 152 1288 Ablntas
164 1227 288 1308 signavit
301 1245 390 1300 ores,
405 1226 513 1304 quibus
526 1225 619 1286 adfuit
629 1226 726 1287 almus

26 1317 179 1401 Spiritus,
192 1332 223 1380 et
233 1319 328 1380 varias
338 1317 409 1380 fecit
420 1318 585 1398 procedere
599 1316 728 1402 lingnam
783 1311 785 1316 ’

25 1412 127 1473 Fonte
140 1412 264 1492 quidem
276 1411 368 1486 lotus,
381 1411 509 1472 sednon
522 1411 555 1470 in
568 1424 691 1492 pectore
705 1412 841 1474 mundns.

26 1504 91 1566 llic
103 1507 200 1567 luerat
213 1503 300 1564 Simo
314 1503 364 1564 ille
377 1523 496 1588 magus,
510 1525 600 1585 quern
611 1503 745 1586 prodidit
758 1506 826 1567 orbi

28 1597 122 1659 l'oena
132 1617 260 1680 sequens
269 1588 396 1660 nescisse
409 1596 514 1658 fidem:
531 1598 730 1660 contractibus
742 1584 824 1660 auri·

26 1691 158 1752 Munera
171 1689 231 1750 vult
241 1709 357 1768 aequare
368 1689 448 1764 Dei,
463 1690 652 1769 numinisque
665 1691 777 1754 referre

27 1784 124 1863 Quod
135 1783 235 1864 pretio
248 1794 398 1852 mercator
409 1795 509 1860 emat,
523 1803 613 1863 quem
626 1782 695 1844 talia
709 1780 815 1846 Petrus

24 1877 184 1938 Attentare
199 1875 321 1951 videns,
336 1875 471 1955 quisnam
484 1886 513 1935 te
525 1875 641 1956 perdite
654 1875 745 1947 dixit,

28 1971 129 2031 Movit
140 1969 179 2030 ad
188 1969 243 2030 ista
256 1967 360 2030 furor?
373 1965 503 2028 Domini
516 1967 597 2048 quod
607 1967 700 2049 gratia
711 1968 803 2028 donat

29 2062 76 2123 Ut
85 2061 191 2126 venale
204 2073 306 2144 putes:
319 2080 407 2122 sensu
419 2061 495 2136 boc,
511 2080 573 2120 nou
586 2059 713 2120 sumitur
726 2078 798 2120 auro

30 2156 61 2218 N
64 2179 100 2220 ec
109 2157 199 2234 lieet,
210 2168 242 2216 ut
254 2154 363 2222 coelum
376 2167 516 2238 corrupta
527 2152 654 2236 pecunia
664 2165 793 2232 qureret,
844 2227 846 2234 X

31 2249 136 2331 Quam
149 2262 235 2310 terrae
247 2260 392 2311 scrutator
404 2260 498 2320 smat3
514 2246 569 2308 tihi
581 2245 663 2308 nulla
673 2242 810 2326 prolecto

32 2343 103 2405 llac
114 2354 247 2424 superest
260 2340 291 2400 in
303 2353 381 2402 sorte
394 2340 495 2420 quies,
507 2359 564 2401 nec
576 2341 614 2400 ad
624 2340 678 2398 ista
689 2339 791 2400 venire

31 2436 82 2496 Tu
93 2435 208 2518 poteris
219 2432 333 2515 pollute
346 2432 441 2510 dolis,
456 2432 507 2512 qni
520 2433 618 2494 cordis
629 2433 723 2492 amari

34 2528 119 2590 Pelle
129 2541 249 2590 tumens
260 2526 357 2588 aliena
370 2525 446 2608 petis
458 2547 466 2584 ι
484 2545 614 2611 namque
626 2526 701 2587 atria
713 2524 823 2586 mentis

35 2622 166 2704 Spiritus
177 2621 228 2682 illa
238 2620 317 2682 subit
328 2664 338 2697 ‚
351 2641 416 2700 quae
437 2620 626 2702 simplicitate
639 2609 787 2684 nitescunt

35 2712 613 2778 llacdevocesacraelnxestmanilesta
623 2712 731 2794 figurae.
774 2763 776 2770 ,

33 2808 177 2872 federis
188 2808 320 2890 speciem
334 2809 492 2890 praestabat
503 2807 641 2871 machina
653 2804 804 2885 quondam

32 2901 239 2985 Temporibus
250 2913 416 2964 constructa
429 2902 500 2962 Noe
514 2945 524 2976 ‚
537 2922 602 2980 quae
614 2898 678 2960 sola
689 2899 803 2980 recepit

35 2993 142 3058 Omne
152 3016 263 3080 genus,
279 2993 442 3074 clausisque
455 2993 554 3056 serens
564 2993 749 3074 baptismatis
760 2993 871 3063 instar,

37 3087 117 3152 Cum
129 3110 201 3175 vaga
215 3087 337 3154 lethales
349 3089 599 3171 patereturtorba
613 3086 777 3168 procellas,

688 3187 690 3192 '
747 3205 794 3263 29.
