2106 3846
131 271 191 334 218
367 271 771 334 subsanneret
902 263 1019 340 nidd.

133 375 323 438 lrloechantur
335 389 405 434 eum
419 369 509 434 corde
521 367 676 443 hominis,
691 380 756 428 tom
769 365 889 428 semina
900 373 1006 432 mortis

131 467 223 530 Fetus
234 466 339 530 mortis
348 467 429 527 alunt
442 489 449 524 ι
464 483 502 525 en
513 480 573 543 quo
587 461 763 546 perducitur
774 462 897 539 omnis,

130 561 268 625 Nomine
280 561 413 644 virgineo
426 577 491 639 quae
505 579 540 620 se·
549 559 762 640 domja'ctitat,
777 557 861 617 intus

134 652 322 718 Criminibus
334 654 485 737 gravidam
498 652 592 715 nescit
605 653 949 738 turgescerementetnl

133 747 215 812 Ecce
229 750 284 811 tibi
298 749 551 824 mellisonum,
566 761 625 826 quo
640 759 747 808 coetera
758 760 885 820 noscas,

133 841 325 924 Exemplum.
340 843 495 903 Dominus
506 841 629 922 plebem
646 861 716 902 cum
727 841 805 901 forte
819 842 949 902 doceret

136 935 279 1020 Pervigili
289 953 360 1000 cura
372 953 548 1019 supremum
558 955 684 998 noscere
696 944 835 1017 tempus,

135 1028 317 1113 Exspectare
332 1032 413 1092 diem
428 1051 487 1112 quo
501 1032 588 1113 judex
601 1030 742 1090 imminet
756 1031 843 1104 orbi,

133 1119 311 1208 Virginibus
323 1137 425 1188 sancto
437 1125 566 1208 signatos
580 1119 738 1185 chrismate
754 1123 895 1200 confert,

137 1218 262 1300 Hacque
273 1223 379 1283 decem
392 1217 481 1280 nobis
491 1217 665 1280 documenti
676 1217 706 1276 in
719 1216 830 1278 vertice
842 1229 1004 1297 monstrat,

137 1312 276 1392 Quarum
291 1315 422 1394 quinque
434 1323 535 1372 tamen
548 1311 694 1392 sapientia
708 1311 790 1373 dites
802 1311 955 1392 adornat,

136 1405 193 1467 Ast
205 1407 270 1468 aliis
283 1406 425 1467 stolidum
438 1405 561 1466 lentavit
574 1405 682 1464 inertia
695 1421 826 1465 sensum.
877 1461 882 1466 .

138 1497 258 1580 Sopitas
271 1502 384 1581 pariter
396 1499 516 1578 requies
528 1497 740 1581 complectitur
753 1513 831 1572 ona,

137 1593 237 1672 Atque
251 1591 368 1653 obitum
381 1592 498 1675 signans
512 1593 658 1674 depressit
668 1590 783 1652 lumina
795 1609 935 1655 somnus.

137 1685 310 1746 Transierat
322 1685 457 1746 medium
469 1686 516 1745 rix
529 1685 608 1746 forte
620 1687 746 1766 quietis,
762 1697 791 1747 et
802 1686 880 1747 illud

137 1777 273 1861 Tempus
286 1793 350 1842 erat
361 1777 478 1855 noctis,
494 1795 554 1858 quo
569 1778 707 1841 Christus
718 1795 809 1842 carne
822 1795 953 1864 recepta

137 1871 282 1956 Fregerat
295 1876 479 1948 obstructas,
493 1885 640 1954 perrupto
654 1875 775 1935 cardine
788 1873 884 1951 lethi,

135 1965 157 2028 J
160 1987 209 2028 am
221 1963 324 2048 portas
334 1967 454 2028 inferne
466 1979 549 2040 toas,
563 1979 726 2048 spretoque
740 1967 883 2049 sepulcro

54 2074 59 2082 ’
136 2059 273 2124 Devictis
285 2062 350 2123 laeta
363 2061 517 2122 remeabat
527 2059 594 2124 luce
606 2062 747 2122 tenebris.

140 2155 328 2237 Perstrepuit
339 2155 452 2216 subitus
465 2156 639 2236 rumpitque
652 2155 770 2216 silentia
782 2150 921 2236 clamor,

137 2247 276 2310 Tandem
290 2267 416 2329 sponsus
428 2251 528 2322 adest,
543 2258 707 2310 nocturnus
719 2267 849 2332 corpore
862 2243 976 2334 torpor

138 2341 306 2415 Abscedat‚
320 2341 430 2422 sapidae
440 2339 552 2423 raptim
566 2334 728 2422 properate
740 2343 858 2424 puellae.

140 2433 283 2495 Protinus
295 2435 432 2494 exsiliunt
444 2455 570 2511 omnes,
585 2435 884 2515 stratisquerelictis,

140 2528 291 2609 Aptavere
304 2545 370 2586 suas
383 2529 507 2605 quaesito
520 2528 635 2588 lmnine
646 2527 792 2590 flammas.

140 2619 229 2680 Tunc
241 2619 293 2680 sed
304 2619 456 2699 quinque,
471 2621 581 2700 quibus
594 2623 679 2684 cordi
691 2621 946 2706 solertia-major,

144 2714 292 2794 Quamvis
302 2714 455 2791 festinant,
470 2715 572 2776 oleum
585 2729 686 2778 tamen
700 2718 811 2778 addere
824 2719 958 2799 sumptis

143 2807 323 2872 Sollicitudo
336 2808 392 2870 suit
403 2809 498 2886 vasis,
513 2809 676 2894 pinguique
689 2810 807 2891 liquore

142 2899 264 2986 lgnibus
277 2903 400 2965 armatis
409 2904 594 2984 squalentem
607 2923 749 2986 rumpere
760 2917 890 2967 noctem.

143 2995 184 3056 At
195 3016 260 3075 quae
271 2995 437 3080 neglectum
450 2999 537 3080 liquit
548 3017 620 3082 pars
630 2998 723 3061 altera
734 3017 874 3076 suetum,

143 3086 273 3154 Sumens
283 3089 481 3179 flammigeras
491 3095 690 3177 nequicquam
703 3093 819 3157 sustulit
831 3093 939 3156 hastas.
