2126 3848
154 327 215 388 300
421 335 783 394 upnosputtt

190 425 319 510 Semper
330 427 419 489 babet
433 429 566 508 quisquis
576 447 699 510 semper
711 431 823 494 babere
835 438 919 519 cupit
931 463 938 511 ;

151 523 218 586 Nec
230 524 291 584 vim
306 523 383 584 serre
396 535 493 604 potest
508 522 630 583 Christo
643 524 767 586 subnixa
781 529 940 608 volunta,

192 616 229 679 lu
242 639 302 698 quo
316 620 475 700 persistens
490 618 592 680 omnia
602 619 695 680 vincit
706 640 804 684 amor.

536 709 656 772 XCV.

151 805 234 867 luter
247 807 406 866 mundanae
418 805 497 866 mala
511 803 713 866 conflictantia
727 807 796 868 ritae

193 897 281 979 Saepe
295 899 416 978 quidem
431 895 560 958 Domini
574 900 737 980 corripitur
749 903 894 983 populus.

152 991 217 1074 Qui
231 1004 442 1072 tempestatum
454 993 536 1053 varia
549 993 604 1053 sub
621 993 704 1054 clade
719 993 880 1074 laborant,

191 1085 327 1162 Noscant
337 1107 368 1145 se
380 1086 449 1166 justi
463 1087 540 1148 serre
555 1085 668 1170 llagella
681 1087 761 1164 Dei,
866 1089 869 1096 ’

156 1180 369 1259 Atqueipsum
382 1191 445 1238 tuto
458 1181 589 1260 gemitu,
605 1179 785 1258 planctuque
797 1196 986 1260 precentur,

196 1270 242 1331 Ut
255 1292 313 1354 qua
327 1273 380 1334 scit
392 1271 509 1332 miseris
522 1270 676 1331 auxilietur
690 1291 766 1352 ope:
821 1337 823 1344 ¹

153 1365 228 1427 Non
241 1379 269 1426 et
285 1367 366 1426 enim
381 1365 507 1447 proprio
521 1363 647 1426 arbitrio
660 1364 812 1426 curabitur
824 1385 927 1449 aeger,
948 1371 952 1378 '

65 1457 72 1464 '
195 1457 264 1520 Nec
277 1479 349 1521 vero
362 1459 439 1542 leges
451 1459 515 1539 ipse
529 1458 611 1518 dabit
625 1459 755 1520 medico.

155 1549 298 1613 lllurbida
311 1554 436 1612 rimetur
448 1552 613 1632 penetralia
625 1553 725 1614 dextra
738 1552 858 1630 salutis,

197 1646 238 1706 Et
250 1648 389 1727 depressa
399 1647 480 1728 gravi
495 1647 606 1707 viscera
621 1640 702 1727 peste
713 1646 801 1708 lavet.

56 1751 59 1756 '
156 1743 278 1820 Absque
293 1739 398 1800 dolore
411 1740 533 1818 quidem
548 1751 699 1819 nequeunt
713 1741 792 1801 mala
802 1752 890 1802 sueta
903 1741 1023 1825 repelli,

199 1835 260 1895 Sed
273 1835 353 1914 quod
367 1832 502 1894 leserunt
516 1834 633 1908 dulcia,
648 1853 748 1896 amara
762 1847 900 1912 movent.

157 1929 305 1992 Poeniteat
317 1947 457 2002 morum,
473 1940 502 1987 et
516 1928 595 1990 vitiis
606 1929 714 1990 virtute
729 1928 852 2011 iugatis,

136 2054 140 2062 «
199 2023 339 2106 Regnum
353 2022 467 2102 peccati
478 2036 597 2102 respuat
610 2022 675 2083 aula
690 2020 761 2083 Dei.

157 2119 206 2186 Ad
221 2116 339 2178 veniam
352 2116 476 2175 tendunt
489 2115 557 2196 justi
573 2117 623 2195 pia
636 2114 761 2177 verbera
773 2114 867 2196 regisr

200 2207 249 2269 lra
262 2208 360 2267 brevis
373 2208 459 2267 rectis
471 2207 577 2290 gaudia
590 2206 679 2290 longa
693 2209 784 2268 dabit.
1054 2277 1055 2280 Ἴ

157 2301 324 2379 Nunquam
337 2299 416 2358 bella
428 2301 536 2372 bonis,
552 2317 706 2376 nunquam
720 2294 897 2357 discrimina
909 2298 1029 2372 desunt,
1054 2291 1055 2331 l

199 2391 319 2453 Etcum
333 2410 393 2468 quo
407 2403 517 2464 certet,
534 2403 619 2451 meus
631 2391 682 2470 pia
692 2407 813 2471 semper
825 2387 937 2462 baben

161 2485 239 2567 Quae
253 2503 376 2546 carnem
391 2482 541 2544 oblectant
553 2497 655 2546 sancto
667 2497 733 2544 sunt
745 2482 834 2545 noxia
846 2485 951 2560 cordi,
1053 2489 1054 2547 l

204 2575 321 2640 Contra
334 2575 426 2635 animi
439 2575 535 2657 legem
549 2579 651 2658 praelia
662 2597 771 2660 corpus
781 2577 891 2638 babet:

162 2670 285 2736 Pulsant
298 2669 425 2731 exterius
438 2669 562 2740 dirersis
572 2673 703 2734 motibus
714 2671 831 2746 hostes,

132 2792 134 2801 ’
181 2765 182 2770 ’
203 2765 288 2827 lutus
299 2763 387 2826 civile
399 2775 462 2838 est,
477 2775 506 2823 et
517 2765 629 2827 sociale
642 2763 768 2827 malum.

166 2857 208 2919 Ut
221 2857 316 2939 possit
330 2856 434 2916 muudi
447 2855 615 2931 illecebris,
629 2857 765 2936 vitiisque
780 2853 897 2928 resisti;

206 2951 261 3011 Vis
273 2963 316 3012 est
327 2950 468 3030 corporei
482 2950 691 3013 mortificanda
703 2948 854 3010 hominise

93 3057 96 3064 ⁴
168 3042 228 3108 Sed
242 3065 306 3124 quae
319 3063 405 3104 mens
416 3057 497 3108 recto
510 3044 652 3106 famulam
666 3044 720 3105 sub
733 3045 800 3124 jure
814 3043 952 3118 tenebit,

204 3135 355 3204 Edomitee
369 3149 400 3200 ut
412 3149 515 3221 regnet
527 3139 624 3200 carnis
638 3139 671 3198 iu
685 3135 811 3212 officiis,
