2106 3846
19 339 80 424 587.
179 345 453 402 rouutuuut
485 349 572 404 utu.
606 352 663 405 tv.

17 445 104 515 inuit,
119 453 150 528 et
162 441 283 502 inclusis
291 443 446 504 desuetum
457 445 583 506 reddere
595 445 692 506 solem

17 539 104 620 cipit,
118 536 210 597 effeto
223 537 347 598 redeant
360 550 391 596 ut
403 539 517 598 semina
529 540 653 600 mundo.

17 645 55 692 ute
69 646 167 691 tamen
178 629 282 692 Justns
295 632 396 713 jubeat
408 653 497 711 quam
512 653 612 714 sparsa
623 635 740 716 vagari,

17 727 98 808 iugula
111 727 148 784 de
161 738 296 804 septem,
311 745 375 803 quoe
389 727 502 787 dudum
514 727 651 788 claudere
663 727 775 788 munda

17 818 119 891 iuravit,
133 818 210 878 natis
225 818 358 899 pariter,
372 821 555 899 nuribusque
569 822 699 897 vocatis,

17 909 101 993 :espite
112 913 454 994 constructadisponens
466 914 604 974 immolat
617 934 687 989 ara,

17 1007 155 1068 recudens
167 1017 284 1066 sanctos
297 1006 342 1065 his
356 1007 490 1086 primum
501 1007 641 1067 altaribus
654 1009 745 1092 ignes.

17 1101 201 1160 'lurima'dum
216 1099 330 1182 magnis
342 1101 498 1161 adolentur
510 1121 639 1182 corpora
650 1100 801 1176 llammis,

17 1193 33 1253 t
41 1213 195 1253 numerosa
209 1193 286 1253 levat
298 1193 503 1278 praepinguem
516 1196 637 1255 victima
653 1194 769 1252 sumum
782 1215 790 1250 s

17 1288 91 1347 uaris
103 1289 178 1347 odor
188 1287 288 1346 laetum
302 1288 396 1370 tetigit
408 1300 490 1347 trans
503 1287 612 1346 aethera
627 1285 752 1362 coelum,
791 1305 794 1308 ·

17 1381 147 1460 'rimaque
160 1380 277 1462 purgati
285 1379 420 1461 suscepta
433 1393 477 1441 est
490 1379 587 1446 hostia
600 1379 716 1458 mundi

17 1473 74 1537 func
84 1475 143 1557 igni
155 1475 305 1554 permixta
314 1493 398 1558 sacro
410 1494 466 1536 vox
479 1473 596 1534 intonat
609 1472 664 1558 ista
680 1495 688 1556 ς

17 1567 142 1630 lactenus
152 1567 278 1628 inlectus
286 1567 422 1650 contagia
431 1566 551 1636 traxerit
563 1565 665 1642 orbis,

17 1659 125 1722 'tulliciat
134 1679 270 1744 regnasse
284 1661 366 1720 nesus
380 1685 386 1721 :
401 1661 542 1720 mundata
554 1659 680 1720 lavando

17 1752 143 1835 'erpetuo
155 1755 248 1814 niteat
259 1753 365 1828 tellus,
381 1754 534 1832 vultusque
548 1753 687 1814 reductos

17 1845 177 1909 lontineant
190 1848 340 1910 elementa
352 1868 421 1908 suos
432 1872 439 1908 ι
452 1848 528 1906 haud
544 1846 674 1934 amplius
688 1843 756 1930 ullis

17 1939 169 2006 lerturbata
181 1943 270 2003 malis
280 1943 377 2002 moles
389 1944 539 2003 mundana
550 1939 673 1999 fatiscat.

17 2033 67 2095 Vos
78 2057 204 2116 qnoque,
217 2057 292 2116 quos
302 2037 374 2096 lethi
382 2037 504 2098 salvarit
517 2048 656 2112 tempore
665 2032 745 2110 rita²

17 2127 182 2210 lutaetosque
195 2144 301 2190 tenens
310 2149 377 2192 casu
389 2129 523 2189 defendit
534 2127 571 2184 ab
587 2123 690 2199 omni,

17 2219 112 2284 Ducite
122 2245 260 2287 securum
271 2224 392 2285 seruatis
401 2222 515 2304 legibus
528 2237 624 2279 aevum
635 2260 645 2292 ‚

17 2313 124 2395 Vosque
135 2332 223 2402 caput
232 2318 351 2401 generis
362 2316 491 2382 fecundo
501 2313 617 2374 semine
629 2309 748 2392 prolem

17 2405 138 2494 Spargite
148 2457 157 2489 ,
168 2411 312 2473 diffusum
320 2411 381 2470 late
394 2431 459 2489 quae
471 2406 621 2488 compleat
635 2405 761 2480 orbem,

17 2499 143 2566 Deletum
156 2507 300 2568 instauret
309 2524 488 2578 numerum,
504 2501 677 2562 dominetur
688 2512 717 2559 et
729 2499 806 2559 orbi.

17 2591 117 2658 Fertile
129 2600 294 2678 quinetiam
305 2599 431 2659 reddent
442 2596 605 2656 animantia
618 2605 757 2676 germen,

17 2685 101 2764 Quod
113 2705 214 2754 tamen
227 2692 369 2753 inflexum
382 2691 575 2751 famulabitur
590 2687 697 2746 ordine
707 2685 817 2766 prisco.

17 2777 129 2863 lnsuper
140 2801 169 2847 et
180 2788 269 2847 terris
282 2787 382 2847 exhoc
393 2787 454 2867 jam
468 2803 530 2842 non
542 2781 599 2842 erit
608 2779 685 2838 ultra

17 2872 161 2940 Dilurium
173 2901 317 2964 regnans,
331 2897 452 2942 carnem
462 2877 542 2955 quod
554 2883 688 2934 conterat
699 2889 832 2954 omnem

17 2965 113 3032 Unum
124 2976 206 3053 qnod
218 2975 327 3048 luerit,
342 2973 426 3056 signo
437 2967 652 3029 monstrabitur
661 2985 737 3025 uno:

17 3061 80 3124 Nec
91 3067 221 3130 similem
230 3068 357 3149 repetita
367 3085 474 3128 necem
486 3073 607 3144 peccata
621 3059 781 3134 videbunt3
853 3101 857 3106 -

17 3151 60 3234 Et
70 3158 91 3219 si
100 3163 215 3225 crimen
224 3163 298 3240 erit,
309 3174 408 3224 terror
418 3179 482 3232 non
492 3156 608 3221 deforet
620 3154 702 3216 alter.
