2198 3844
155 297 199 358 so
409 293 802 384 emoriendum
949 318 1045 380 eq.
1094 327 1095 384 3

155 402 309 464 Divitibus
322 403 441 464 tandem
454 404 563 465 laceret
573 404 728 466 mitescere
741 421 874 464 censum.
1094 401 1095 418 ³

155 495 239 559 Nam
254 497 391 578 proprias
401 499 479 558 bene
492 509 595 558 tractat
609 517 700 577 opes,
716 494 851 574 coeloque
863 497 1000 561 recondi,

156 589 325 650 Thesauros
337 591 399 651 vult
412 591 462 651 ille
476 610 564 666 suos,
578 591 631 650 ubi
645 588 790 674 quidquid
800 587 955 664 habetur,⁸

155 684 230 745 Non
245 687 476 767 mordax-aerugo
488 681 666 758 yoratqndn
681 680 884 756 tinea-sulcat,

98 830 103 833 .
155 777 187 838 N
191 799 225 839 ec
238 778 316 838 male
331 779 479 838 defossum
494 777 653 837 famulatur
663 777 893 837 luribusaurum
905 817 923 850 ,.

156 871 276 951 Jejunis
290 873 457 951 quicunque
471 871 573 931 cibum
586 869 753 930 sitientibus
764 869 921 943 haustum,

157 962 338 1050 Hospitibus
352 976 462 1030 tectum
471 1006 480 1037 ‚
489 963 579 1045 vnudis
589 962 710 1051 largitur
718 962 861 1028 amictum
873 1005 904 1048 s„

157 1053 279 1116 Solatur
290 1077 379 1116 nexos
390 1057 419 1114 in
433 1077 567 1131 carcere,
581 1056 718 1136 perfovet
730 1075 840 1138 aegros,

155 1148 254 1228 Atque
269 1151 333 1210 aliis
347 1149 459 1230 largus,
474 1149 531 1208 sibi
544 1161 658 1208 tantum
673 1161 785 1210 constat
796 1169 917 1230 egenus.

155 1241 226 1304 Nec
238 1244 328 1304 dubie
341 1242 372 1303 in
387 1242 493 1304 coelum
504 1242 664 1302 substantia
678 1243 813 1323 pervenit
826 1241 892 1314 illa,

158 1335 236 1416 Quae
252 1337 495 1398 Christocollata·
504 1338 590 1397 datur
603 1337 657 1396 sub
673 1355 804 1416 paupere
816 1334 932 1406 forma,

156 1427 235 1508 Quae
248 1429 362 1489 damnis
374 1442 532 1510 augmenta
544 1430 640 1510 capit,
656 1451 722 1507 quae
736 1427 901 1508 spargitur,
916 1438 949 1485 ut
961 1426 998 1484 sit
1007 1457 1031 1501 ·,,,

157 1521 236 1601 Quae
251 1521 346 1602 perit,
362 1535 393 1581 ut
407 1535 543 1596 maneat,
559 1521 727 1601 quaesitam
743 1533 858 1604 mortua
873 1531 1013 1599 praestat.-

197 1613 348 1684 Praeterea
357 1614 492 1695 geminos
507 1614 657 1680 Dominus
671 1614 932 1675 considere-caecos
946 1656 970 1687 ,,
1038 1672 1042 1676 .

155 1707 242 1768 Dum
254 1708 404 1786 quoddam
416 1708 641 1782 transiretiter‚
656 1708 817 1769 comitante
831 1719 947 1776 caterva
958 1750 981 1782 ,Α

159 1799 317 1881 Conspicit
327 1801 497 1877 ‚.exstinctae
512 1813 668 1883 poscentes
681 1821 806 1860 munera
817 1800 922 1860 tormae
935 1842 944 1874 ,

155 1880 388 1973 Flebilibusque¹
396 1915 480 1978 uagas
493 1894 653 1976 implentes
664 1895 786 1957 vocibus
798 1914 893 1955 auras.

157 1985 227 2050 Nec
238 2000 372 2062 cunctata
385 1989 484 2048 solens
497 1989 592 2069 pietas
605 1987 715 2052 ioserre
727 1987 849 2048 salutem
862 2031 870 2061 ‚
952 1991 954 1996 '

108 2129 110 2138 ,
155 2081 235 2160 Quae
248 2082 336 2152 sentit
351 2080 477 2166 flagrare
487 2083 597 2156 iidem,
612 2102 685 2148 uros,
695 2080 809 2145 lumina
822 2094 957 2161 tangens.

154 2173 305 2258 Evigilare
318 2177 417 2256 lubet,
433 2198 498 2254 quae
510 2197 633 2236 somnus
646 2188 794 2256 presserat
804 2175 933 2256 ingens„
1037 2207 1041 2218 ι

154 2266 254 2346 Atque
268 2269 319 2340 diu
329 2267 439 2328 clausas
452 2289 587 2328 reserans
598 2268 652 2328 sub
667 2268 764 2328 fronte
779 2267 939 2342 fenestras,

153 2361 419 2442 Ingredientedie,
435 2360 505 2422 lecit
518 2360 671 2421 discedere
685 2374 816 2422 noctem.

197 2451 278 2528 Hipc
292 2453 417 2534 repetita
428 2453 650 2536 saepigradieus
663 2453 719 2537 per
731 2454 842 2513 moenia
854 2454 958 2536 templi
968 2499 987 2533 „

154 2545 284 2612 Lumina
299 2546 411 2616 caecatis
424 2547 519 2620 dedit„
528 2559 564 2619 ,et
576 2547 698 2632 vestigia
710 2548 844 2618 claudis„

153 2637 241 2708 Talia
254 2638 511 2722 Dauidicarnpost
525 2640 600 2712 lacta
609 2641 770 2720 reliquerat
784 2640 910 2717 urbem,

153 2733 310 2798 Bethania
320 2733 416 2804 vicina
430 2747 533 2814 petens
547 2758 553 2794 :
571 2734 735 2813 eademque
749 2753 900 2811 reversus,

154 2825 425 2901 Clarescentedie,
441 2828 624 2908 properabat
636 2828 730 2892 visere
742 2840 827 2889 tecta.

195 2917 275 2986 Ecce
288 2932 387 2980 autem
399 2921 507 2986 mediis
518 2933 613 2988 astans
625 2921 762 2986 sublimis
774 2921 804 2980 in
819 2920 904 2981 arvis.

151 3011 380 3080 Frondealicns
393 3025 472 3088 erat,
487 3015 568 3095 cujus
584 3014 614 3075 in
630 3013 739 3074 robore
753 3012 870 3074 nullum

153 3103 302 3196 Repperit
316 3106 464 3185 esuriens,
477 3106 600 3170 lustrato
615 3105 733 3192 stipite,
749 3127 899 3197 pomona„
