2126 3848
102 317 163 382 362
314 327 495 381 nannents
508 327 760 382 nrosrotrcm
873 339 904 377 v.
927 317 1002 378 255.

102 423 173 485 Lite
185 421 241 484 sub
253 419 394 504 ambigua
406 419 517 487 Paulus
524 422 593 484 loca
603 422 701 484 tendit
712 423 751 482 ad
773 422 878 499 urbis,

106 516 167 580 Cui
181 516 299 577 radiant
309 515 497 578 monimenta
509 513 641 592 Crucis3
657 528 835 595 sanctosque
847 518 961 577 revisit
1057 523 1058 534 ¹

106 611 130 672 J
132 611 193 672 oris
202 609 363 692 apostolici
373 629 516 690 proceres
525 651 535 682 ‚
550 610 658 690 quibus
669 610 773 670 omnia
783 631 941 691 praeseus,
1058 633 1059 694 t

109 702 192 784 Qua
203 716 271 778 arnt
280 716 362 787 gesta
374 703 474 766 refert
489 701 597 765 Petrus
609 703 658 765 cni
670 703 800 774 maxima
811 697 888 766 eura
901 718 947 766 est
1058 727 1059 794 p

112 795 305 859 Commissos
317 817 424 880 augere
433 818 554 881 greges,
567 799 606 858 ad
618 817 728 880 pascua
739 811 866 860 cunctos

110 888 151 951 Se
164 891 239 954 duee
250 890 458 965 laetaremur,
471 891 525 952 bas
536 890 663 972 explicat
673 911 727 951 ore
741 889 882 974 loquelas
899 915 908 952 z

113 979 247 1046 Cernitis
257 996 404 1044 aeternum
425 984 513 1046 seclis
525 997 692 1046 memorata
704 984 845 1059 vetustis,

113 1074 195 1156 Quae
205 1076 321 1160 populo
331 1075 424 1136 docili
436 1078 612 1140 cecinerunt
628 1099 681 1138 ore
694 1077 877 1158 propbetae,

111 1171 150 1231 ln
163 1171 253 1233 nobis
262 1167 430 1250 complesse
441 1165 568 1230 Deum?
581 1171 634 1250 qui
649 1170 753 1231 maluit
772 1183 901 1251 emptor

115 1261 272 1326 Omnibus
282 1283 345 1326 esse
356 1262 456 1338 salus,
469 1262 587 1324 nullum
600 1264 770 1325 discernere
784 1283 891 1344 passus

113 1356 152 1418 ln
165 1358 285 1439 pretio,
300 1377 360 1436 quo
373 1357 432 1416 vita
444 1355 543 1432 redit,
556 1356 633 1416 mibi
645 1355 729 1438 jussit
741 1368 879 1437 apertam

116 1449 269 1512 Gentibus
278 1449 355 1512 banc
368 1462 535 1510 monstrare
548 1449 647 1509 viam:
661 1449 733 1528 qnid
747 1461 816 1510 rota
828 1449 949 1510 morari

116 1541 304 1624 Tardariquc
317 1543 420 1626 juvat?
430 1537 539 1622 quitlre
551 1541 615 1604 baec
624 1542 781 1625 enigmata
793 1543 924 1624 prodest

116 1635 241 1696 Misceri
255 1655 326 1696 eum
339 1635 406 1696 luce
418 1637 519 1697 nora?
531 1655 607 1716 quos
617 1637 710 1718 gratia
722 1649 845 1720 purgat,

118 1727 165 1788 Ut
176 1729 316 1801 veniant,
328 1726 376 1785 lex
388 1726 471 1786 nulla
484 1741 562 1790 vetat
572 1750 582 1799 ·,
594 1729 720 1789 eoelestis
732 1731 847 1788 amoris

99 1806 102 1816 ’
118 1819 251 1882 Materia
264 1833 308 1882 est
321 1817 428 1880 lestina
438 1819 531 1896 fides,
546 1820 624 1882 banc
638 1819 774 1881 Christus
787 1823 936 1902 adoptat,

122 1913 214 1977 Hauc
227 1914 298 1976 facit
308 1933 372 1986 csse
386 1934 489 1988 suam,
502 1914 695 1993 quaquisque
704 1913 871 1975 merebitur
885 1917 949 1992 uti,

126 2005 331 2072 Circumcisus
339 2009 420 2076 adest
430 2051 440 2084 ‚
452 2019 482 2068 et
494 2007 560 2087 jure
572 2007 735 2068 renascitur
747 2007 843 2068 undis.

120 2099 275 2163 Pastorem
289 2113 418 2166 statuere
428 2099 513 2180 sequi
524 2099 648 2182 ;.placet
665 2120 736 2184 ergo
749 2100 909 2162 ministros

122 2195 173 2256 Ire
184 2195 295 2271 simul,
308 2194 485 2276 scriptisque
497 2193 558 2276 piis
571 2193 726 2257 absolvere
738 2207 856 2277 gentes,

122 2287 196 2349 Hoc
208 2287 269 2348 illia
281 2307 344 2348 non
357 2301 434 2349 stare
444 2289 562 2370 jugum:
576 2300 678 2349 tamen
690 2309 753 2349 esse
768 2290 940 2350 cavendum

124 2379 174 2441 Ne
189 2377 368 2443 simulachra
381 2379 502 2452 eolaut;
519 2401 651 2461 quorum
660 2381 805 2444 libamina
816 2402 942 2464 semper

124 2471 298 2534 Execranda
309 2469 430 2546 forent,
445 2491 484 2532 ne
497 2473 642 2535 suffocata
652 2495 760 2536 cruore

126 2563 205 2646 Quae
216 2562 418 2640 maculantur,
434 2565 542 2643 edant,
554 2587 593 2628 ne
608 2568 713 2629 saevior
723 2568 809 2630 bostc
822 2568 922 2633 libitlo

128 2659 197 2722 llos
210 2659 331 2743 impura
341 2671 485 2740 praemat,
499 2679 575 2739 quos
587 2660 636 2721 lox
645 2661 823 2744 baptismate
836 2665 972 2725 mundat.

129 2751 248 2818 Clarius
260 2766 292 2815 ut
301 2754 434 2835 liqueant
446 2753 532 2836 hujus
547 2755 726 2817 documenta
739 2755 858 2839 ligurem

126 2846 168 2908 Et
178 2868 335 2932 progressa
346 2848 430 2928 prius
439 2867 493 2910 cur
504 2849 566 2930 jarn
578 2847 711 2910 discedat
719 2849 838 2932 imago?

128 2939 318 3021 Principium
335 2941 509 3003 meminisse
520 2944 619 3024 juvat:
633 2939 720 3004 Deus
729 2942 833 3023 -iuqoit
846 2943 983 3008 Abraam

127 3032 174 3094 Ut
186 3045 395 3096 testamentum
409 3035 572 3113 tibinune,
586 3035 743 3118 sobolique
752 3043 887 3116 perenne

130 3127 301 3190 Constituaa
315 3129 346 3188 io
361 3147 450 3194 carne
464 3150 586 3206 meum,
599 3130 746 3210 praeputia
762 3129 843 3191 serro
