2172 3862
19 313 139 388 mfidd.
246 319 455 380 DEDEO
489 281 715 382 bistili..
845 319 905 394 495

16 422 39 482 J
41 443 95 483 am
110 421 197 502 prior
208 420 288 482 auris
298 433 380 496 erat,
394 443 459 500 qnae
476 422 587 490 audivit
599 424 689 486 rerba
700 413 859 496 Tonantis.

60 513 222 575 Persarum
236 507 390 576 Dominus
401 514 501 576 timuit
512 528 579 596 post
589 537 679 600 regua
691 517 855 582 bubulcum

18 609 106 670 luter
123 621 208 691 prata
220 629 325 691 pecus,
341 609 391 688 qui
405 622 473 690 post
485 605 615 692 regnavit
629 611 661 672 iu
672 629 752 674 arce.

20 701 97 777 Me,
112 723 205 787 rogo,
215 704 279 784 ,jam
290 721 402 788 ‘repara
412 703 467 764 snb
478 703 614 766 libertate
628 704 780 782 solutum,

21 796 145 879 Clade,
160 807 332 857 catenarum
345 795 456 859 serrato
469 798 604 877 pondere
616 815 762 878 pressum.

19 889 68 950 Sit
82 890 151 949 vitae
167 889 302 970 requies,
314 889 422 949 animae
436 891 494 950 sint
508 890 568 950 ntia
584 889 687 966 fessae,

19 983 67 1043 Sit
81 1003 185 1045 secura
199 983 300 1061 quies,
312 984 353 1044 sit
365 1004 423 1045 uox
435 1005 504 1046 oum
517 1005 641 1046 munere
655 987 772 1062 noctis,

19 1076 65 1138 Sit
80 1077 201 1137 sortuua
215 1078 323 1151 redux,
335 1079 379 1153 {sit
392 1078 484 1138 virtus
496 1099 587 1156 usque
601 1093 770 1156 senectam,

10 1169 67 1230 -Sit
83 1171 269 1230 venerandus
280 1169 396 1245 honos,
410 1183 438 1230 et
451 1171 596 1249 quidquid
608 1172 667 1230 vita
681 1185 839 1252 precatur,

19 1265 81 1324 Aut
95 1263 203 1324 amissa
218 1261 315 1335 dolet,
329 1275 427 1323 totum
442 1263 552 1344 pietate
565 1264 710 1343 reforma.

20 1356 145 1430 Nosco,
160 1357 231 1436 quid
245 1351 352 1428 iratus,
366 1356 414 1416 rel
427 1356 499 1435 quid
511 1355 686 1416 mitissimus
700 1355 764 1438 ipse

20 1449 107 1522 Des,
124 1463 228 1530 pater:
241 1449 381 1522 adverto,
395 1469 456 1508 nou
469 1461 512 1509 est
526 1448 657 1509 formido
672 1450 792 1526 salutis,

22 1541 83 1604 Sed
98 1542 218 1602 veniam
233 1561 353 1623 sperare
367 1540 446 1602 licet.
461 1540 523 1601 Res
537 1542 601 1621 ipsa
614 1543 771 1622 probarit,

22 1635 119 1715 Quod
130 1636 212 1695 rivus
226 1655 292 1694 snm
307 1659 314 1694 :
328 1634 437 1694 mortis
451 1634 539 1716 inops
553 1636 663 1716 pietate
676 1653 836 1714 reservor,

22 1729 97 1790 Non
111 1728 176 1802 ira,
191 1747 262 1786 nam
273 1727 298 1787 si
310 1725 440 1786 Domini
454 1729 550 1810 gravis
564 1729 740 1804 infuisset,

26 1822 100 1882 Non
117 1840 166 1881 me
180 1819 335 1893 differres,
349 1820 444 1880 subita
453 1821 504 1890 sed
515 1833 613 1881 morte
624 1842 767 1896 necares,

22 1915 71 1976 Ne
81 1929 218 1996 peterem
230 1913 359 1988 reniam,
369 1931 636 1991 quamnunqnam,
649 1927 765 1987 sancte,
775 1915 887 1997 negasti
899 1956 909 1990 ,

21 2009 82 2068 Aut
97 2019 131 2066 ut
144 2013 205 2066 non
218 2025 314 2066 essem
326 2025 466 2084 prorsus,
482 2005 530 2065 cui
544 2024 668 2084 parcere
681 2026 794 2087 posses.

24 2099 187 2160 Servatum
203 2116 341 2178 reparare
355 2098 425 2178 jube
440 2096 550 2178 pietate
561 2109 664 2172 sueta,

24 2195 67 2255 Ut
80 2213 202 2255 merear
215 2204 333 2253 cantare
347 2203 410 2250 tuas
423 2211 479 2273 per
491 2191 625 2252 carmina
645 2190 757 2252 landes.

24 2286 174 2368 Quamvis
187 2305 278 2351 nemo
292 2296 341 2344 tna
354 2283 504 2364 praeconia
516 2304 646 2367 congrua
659 2285 755 2358 dixit,

25 2382 85 2442 Aut
101 2397 233 2458 unquam
247 2377 378 2439 dicturus
392 2378 448 2437 erit
460 2400 467 2436 s
481 2397 550 2438 nam
563 2377 693 2438 formula
705 2377 800 2438 laudis
882 2373 885 2379 ’

26 2473 235 2554 Temporibus
247 2471 341 2534 tribus
355 2471 399 2531 ire
412 2471 505 2544 solet,
520 2484 552 2531 tu
566 2472 712 2552 temporis
724 2490 846 2552 expers,

26 2565 288 2646 Nunquidhabes,
299 2563 384 2624 Deus
393 2608 401 2638 ,
411 2577 478 2624 ante
487 2565 586 2626 tuum?
597 2563 643 2625 vel
653 2577 720 2645 post
729 2564 901 2628 caditinte?

29 2660 60 2722 Si
71 2660 212 2721 laudator
226 2660 325 2731 abest,
341 2670 478 2717 narrator
492 2657 600 2739 plenus
613 2671 641 2718 at
656 2670 748 2718 esset:
838 2685 841 2692 ,

31 2753 90 2816 Sed
108 2752 181 2834 quid
195 2772 270 2832 opus
282 2769 404 2810 narrare
418 2763 501 2810 tuum
515 2770 655 2811 sermone
669 2749 801 2810 valebit?

71 2846 247 2927 Suspexisse
262 2843 365 2906 Deum
380 2843 448 2902 satis
459 2855 502 2904 est
516 2843 552 2903 de
567 2844 657 2905 corde
668 2855 852 2918 trementer,

28 2939 65 3002 Et
79 2939 242 3023 lacrymis,
257 2937 455 3019 precibusque
469 2936 528 3016 piis
543 2949 720 3012 veneranter
734 2935 826 2996 adire.

29 3033 98 3096 Sint
111 3032 235 3094 reduces
248 3032 344 3107 vires,
359 3051 444 3091 mens
457 3047 528 3092 sana
542 3029 575 3089 in
588 3049 716 3111 corpore
727 3048 819 3105 sano,

29 3125 75 3188 Sit
91 3125 169 3186 mihi
183 3126 275 3208 longa
289 3125 353 3186 dies
367 3123 448 3186 felici
462 3121 581 3184 tramite
594 3123 680 3197 ritae,
