2106 3846
136 254 196 294 220
335 203 779 311 ⁴ascenaeret
908 225 1012 312 erqo

136 339 294 418 Quantum
306 339 443 418 poscenti
454 339 598 398 miserans
607 335 741 417 porrexit
753 353 856 416 egeno.

134 431 218 492 Hinc
231 432 370 492 dominns
382 432 490 511 palmis
502 433 639 491 ardentes
648 429 728 489 ferre
741 429 879 488 lucernas

134 524 307 599 Admonet,
321 525 466 606 hocopus
480 539 539 599 est,
554 526 618 585 haec
631 522 719 584 clarae
727 521 822 605 gloria
834 524 914 585 vitae.

135 615 282 700 Suppetat
296 639 365 701 ergo
375 618 432 677 tibi
443 620 554 698 pietas,
570 617 732 698 patientia,
746 617 855 691 virtus,

135 710 197 773 Sed
211 713 301 772 virtus
314 712 426 782 animi;
443 711 559 794 fragiles
571 732 642 771 nam
655 731 744 772 carne
758 711 879 790 puellas-

135 803 265 866 Protulit
275 807 425 866 interdum
438 806 515 866 coelo
529 805 694 867 constantia
708 805 825 865 ruentis.

176 897 318 981 Eugeniae
330 899 443 958 dudum
456 911 520 958 tuto
531 899 729 960 celeberrima
743 900 855 958 mundo

119 989 230 1065 ‚Fama
242 993 314 1068 luit,
330 993 402 1052 dum
416 995 465 1052 dat
479 992 590 1054 Christi
604 1013 661 1072 pro
675 992 799 1052 nomine
811 994 920 1054 vitam.

136 1086 216 1148 Ante
228 1100 329 1148 tamen
344 1087 452 1146 mulier
465 1087 557 1146 sortes
570 1087 714 1165 processit
725 1087 756 1145 in
768 1098 869 1161 actus,
913 1078 917 1084 ’

139 1179 220 1242 Cum
232 1181 360 1261 stipante
373 1181 465 1242 choro
477 1193 649 1240 sanctorum
665 1179 750 1239 fieret
765 1179 889 1255 Abbas,

136 1274 237 1353 Atque
250 1287 366 1354 patrem
379 1274 534 1354 complens
548 1271 658 1334 celaret
670 1273 800 1354 tegmine
816 1286 958 1353 matrem.

139 1365 201 1427 Sed
213 1381 371 1448 postquam
384 1380 486 1428 sancto
497 1366 610 1428 cunctis
623 1365 783 1446 perclaruit
794 1387 867 1439 ore,

137 1457 179 1518 Et
191 1461 307 1520 meritis
317 1461 460 1539 annisque
473 1481 593 1543 graves,
608 1459 755 1541 longaque
769 1463 920 1522 verendos

138 1542 309 1632 Relligione
319 1573 404 1613 senes
417 1553 541 1633 juvenili
556 1554 628 1613 rexit
641 1553 672 1612 iu
684 1573 768 1613 aevo:

66 1679 72 1685 ,
136 1643 302 1725 Impatiens
314 1646 404 1720 recti,
419 1647 549 1724 tuto-qui
560 1659 698 1726 ternpore
710 1667 834 1726 serpens

138 1736 228 1798 Mitte
242 1739 370 1800 nocendi
382 1750 475 1812 artes,
488 1738 675 1816 stimulisque
686 1737 855 1800 inllsmmat
865 1745 990 1819 amoris,
1050 1739 1051 1744 ἵ

63 1910 66 1916 μ
88 1845 89 1854 ’
140 1833 213 1914 Quo
227 1833 337 1894 lamam
351 1831 462 1894 violare
477 1831 574 1912 cupit,
590 1833 672 1891 dedit
684 1832 753 1890 inde
767 1853 929 1896 coronam.

141 1925 326 1990 Commouet
337 1927 443 1988 insano
454 1927 505 2005 qui
519 1926 608 2007 lingat
620 1945 725 1985 amore
737 1926 846 2007 puellae

140 2023 274 2084 Accendi
287 2021 471 2105 Eugeniam‚
486 2033 627 2098 motuque
641 2021 746 2081 ardere
759 2020 852 2081 virili.

140 2115 243 2176 Turba
254 2138 359 2176 senum
373 2117 489 2176 turbata
500 2114 579 2187 coit,
594 2115 674 2190 quod
687 2114 814 2174 crimine
826 2127 915 2176 tantu

140 2207 217 2268 Tam
231 2209 355 2290 rigidam
367 2230 465 2288 nuper
477 2207 619 2289 potuisset
630 2207 746 2267 solvere
757 2209 851 2268 vitam

52 2315 57 2323 ·
140 2299 231 2360 Mens
244 2304 357 2382 dejecta
370 2303 426 2364 viri
437 2346 446 2375 ‚
458 2303 633 2380 viduataque
646 2300 771 2380 praesule
783 2323 910 2364 summo

140 2393 196 2454 Nil
205 2415 266 2454 non
279 2414 366 2473 posse
377 2393 458 2454 dolet
471 2391 600 2455 titubans
614 2395 759 2474 perfectio
771 2415 910 2456 carnem.

141 2485 271 2556 Ducitur
281 2485 336 2544 iste
348 2486 414 2548 loro
426 2489 559 2568 juvenis,
574 2508 743 2565 saevumque
753 2489 889 2549 tribunal

141 2577 237 2639 lutrat
250 2578 345 2640 adhuc
356 2583 538 2642 monachus:
554 2581 646 2643 vineit
657 2583 819 2642 eoncordia
831 2583 965 2662 fraudis,

142 2671 181 2732 Et
193 2676 254 2754 jam
267 2676 387 2755 jamque
398 2695 484 2734 reum
494 2676 601 2737 secreti
613 2676 715 2756 ignara
725 2675 847 2736 tenebat

143 2766 267 2830 Publice
278 2771 341 2845 vis,
355 2771 426 2832 odio
438 2783 553 2830 tantum
565 2768 717 2830 llammata
727 2769 859 2830 sinistro.

143 2857 273 2923 Conscia
285 2876 350 2922 tum
361 2885 444 2926 sexus
456 2864 596 2946 proprii,
610 2862 768 2944 cordisque
781 2863 906 2944 pudici,

139 2951 281 3016 Vincitur
295 2971 325 3016 ut
336 2958 433 3028 vincat
443 2961 503 3040 jam
517 2958 648 3040 prodens
660 2955 772 3036 semina
785 2956 950 3035 fraudem,

141 3047 289 3128 Quamvis
302 3052 427 3114 exterius
439 3073 561 3135 carnem
573 3049 729 3135 compulsa
740 3049 826 3112 lateri
837 3093 847 3130 ‚
