2126 3848
168 288 229 354 326
400 296 572 352 consonis
597 295 837 350 crosnoncn
932 280 1013 342 titt.

123 461 127 470 ,
168 395 247 460 Cum
257 392 422 474 Domino,
436 391 487 469 qui
500 389 582 458 dives
595 389 652 450 erit
664 402 731 470 post
744 388 854 448 iimina
864 380 958 468 tempii

165 487 304 550 Porticus
316 488 395 548 hunc
410 483 578 556 Salomonis
591 482 699 559 habet,
713 482 762 562 qui
777 484 846 562 jure
858 493 965 544 vocatu

164 580 310 644 Pacificus
324 592 464 664 regnante
478 577 554 649 fide,
569 576 621 655 qui
634 595 754 656 semper
767 575 802 634 in
818 575 894 636 orbe

91 693 95 702 ’
164 673 311 738 Pacificas
322 675 380 734 nisi
394 671 529 734 Christus
543 669 618 731 erit?
629 669 679 730 hic
692 667 955 750 protegit'omnem

166 769 231 848 Qui
249 767 339 830 Petro
351 769 474 828 duetore
488 762 601 844 placet,
616 781 676 840 quo
691 760 820 842 praesule
832 763 930 844 surgit,
956 779 962 794 ·

206 861 337 943 Agmine
350 862 411 940 jam
425 859 514 917 niveo
526 875 583 936 per
597 851 693 916 millia
707 854 845 933 quinque
856 855 976 914 virornn

166 953 311 1016 Ecclesiae
325 950 476 1014 crescebat
489 968 581 1030 apex,
595 967 697 1009 arcere
712 946 853 1023 laborat,

168 1047 262 1109 Hunc
278 1044 296 1104 J
302 1046 383 1120 uduo
397 1042 572 1123 coli‚·cujus
584 1042 621 1100 de
635 1060 759 1114 munere
774 1038 881 1112 fluxit,

171 1141 267 1221 Quod
280 1139 507 1218 virtusoperata
520 1133 620 1208 dedit3
635 1134 687 1194 sed
701 1133 841 1212 linquere
857 1130 987 1194 Christum

168 1232 253 1294 Petri
268 1232 363 1296 nescit
373 1249 476 1305 amor,
489 1248 552 1288 non
564 1228 644 1289 hunc
657 1226 874 1300 reticebimus:
892 1223 987 1304 inquit,

171 1326 245 1405 Quo
261 1337 374 1396 rement
389 1319 652 1405 praesumemus,
666 1320 719 1398 qui
731 1322 797 1401 jure
811 1319 938 1382 creantis

172 1419 323 1482 infectum
336 1416 487 1499 supplevit
498 1435 592 1496 opus,
606 1413 797 1492 solidumque
808 1415 947 1476 decorem

169 1512 243 1580 Pars
257 1524 387 1595 reparat,
401 1529 459 1589 qua
464 1511 542 1590 jussa
550 1506 755 1570 novantrhuic
762 1508 906 1569 membra
916 1505 1021 1580 retemp-

335 1617 384 1665 ior

168 1697 244 1761 Fert
259 1698 377 1759 animus
390 1711 509 1779 patrare
523 1698 621 1771 nefas,
635 1697 803 1775 sanctisque
816 1694 949 1760 verendis

169 1791 333 1876 Sacrilegas
346 1791 459 1852 inferre
472 1811 580 1853 neces:
595 1810 614 1850 o
626 1811 747 1872 semper
760 1789 875 1869 iniqui!

160 1886 262 1947 Dona
273 1886 392 1960 vident,
407 1897 436 1944 et
451 1883 530 1944 bella
544 1895 684 1958 movent,
699 1884 749 1944 sed
762 1897 860 1965 coepta
872 1880 1019 1956 relinquunt

170 1979 221 2041 Ne
235 1980 362 2054 violent,
377 1998 452 2059 quos
463 1977 549 2038 turha
560 1977 659 2054 iuvet,
675 1977 782 2056 quihus
792 1978 895 2040 indice
905 1970 990 2038 claudo

169 2072 269 2136 Testis
281 2085 345 2136 erat
359 2071 459 2132 meriti
473 2091 600 2150 eumque
614 2070 673 2132 hoc
686 2090 738 2132 sua
751 2071 845 2132 corda
856 2069 995 2134 levatura

40 2228 43 2232 ,
171 2166 203 2226 N
206 2186 258 2228 am
270 2187 333 2229 non
345 2165 532 2244 pertudedit
544 2163 660 2245 populo
674 2163 818 2226 miracula
830 2182 943 2248 gressus

173 2258 278 2337 Quem
291 2253 372 2326 rudis
384 2272 472 2338 ¹atquc
483 2279 572 2320 senex
584 2257 675 2318 nullis
685 2259 747 2340 jam
761 2256 877 2341 iegibus
887 2255 939 2318 aevi

171 2350 309 2412 Vernnlu
320 2352 447 2430 sumpsit
458 2351 562 2427 humi,
576 2371 645 2413 cum
658 2371 718 2430 quo
729 2364 829 2433 stupet
842 2353 908 2434 ipsa
921 2339 1007 2410 moreti

171 2444 251 2523 Qnae
263 2444 354 2524 jacuit
365 2455 469 2526 nutura
482 2444 551 2520 diu,
566 2443 740 2523 firmataque
753 2466 853 2526 nuper
1037 2474 1038 2521 t

175 2535 296 2599 incessu
309 2535 435 2616 proprio
450 2557 529 2596 nova
539 2539 601 2617 jam
616 2538 737 2620 vestigia
747 2539 842 2621 signat
927 2585 933 2594 .

173 2629 251 2708 Quae
265 2627 380 2693 fuerant
391 2627 489 2688 aliena
501 2629 559 2689 sibi
574 2655 581 2690 :
597 2643 697 2692 tamen
708 2632 851 2712 improba
864 2631 955 2716 proles
1037 2658 1038 2695 t

171 2721 261 2786 Soevit
274 2723 388 2798 adhuc,
401 2721 516 2802 iurique
530 2735 608 2784 vetat
622 2726 703 2804 quod
715 2726 821 2807 gaudia
833 2727 961 2790 clamant.

170 2817 256 2895 Quid
268 2818 356 2880 toties
368 2815 476 2876 Judaea
487 2816 588 2904 caiis?
601 2819 745 2890 surrectio
761 2818 874 2882 Christi
981 2851 986 2856 ·

169 2908 216 2970 Ut
224 2909 303 2972 furto
316 2909 428 2972 celetur
440 2911 516 2980 emis
527 2934 535 2970 ι
547 2911 714 2984 seditionis
726 2913 849 2986 demens

170 3001 200 3064 A
213 3022 322 3064 somno
335 3004 514 3066 documenta
526 3004 603 3085 petis
617 3004 711 3068 livore
725 3008 835 3070 caduco

171 3091 251 3174 Quae
262 3096 353 3160 sentis
364 3096 567 3184 virtutegeri,
580 3100 627 3180 jus
639 3099 746 3174 fraude,
755 3100 865 3183 negari.
