2106 3846
35 273 40 281 ’
131 300 191 375 nt
370 298 840 368 tnc.no.av1r,1'
911 302 1008 365 uto.

126 404 267 469 Poscenti
281 405 405 465 reddant
415 417 541 486 operata
554 404 673 486 negotia
684 404 825 466 fructum.
906 451 908 458 .

126 501 293 584 Argentum
304 489 416 583 gemini
429 500 579 582 geminata
592 499 674 559 mole
688 499 816 560 ministri

126 590 278 654 Pr'omunt
287 599 338 668 ,et
350 593 416 655 laeto
428 593 562 655 referunt
574 591 755 656 commercia
766 593 863 655 vultu.

126 686 247 749 'l'ertins
261 687 315 747 ille'
325 688 410 771 piger
424 687 598 748 drachmam
611 686 717 748 tellure
728 687 877 750 latentem
947 737 949 745 Α

126 778 266 856 Promit,
282 802 347 861 quae
358 782 451 864 juncti
463 781 590 843 sorbens¹
600 779 735 864 contagia¹
743 779 824 844 'coeni

127 873 303 936 Perdiderat
316 876 459 957 proprios
472 875 586 938 incluso
594 873 714 937 'lumine
725 875 832 936 vultus.

126 968 218 1029 lllum
229 968 357 1030 terribili
371 969 512 1030 dominus
522 982 593 1031 tunc
605 971 739 1052 increpat
752 990 806 1030 ore
818 993 825 1031 ε

126 1061 262 1123 Tantane
273 1076 302 1124 te
313 1063 408 1124 nostri
418 1063 542 1124 tenuere
554 1063 665 1125 oblivia
675 1063 816 1146 segnem,

126 1153 220 1218 Serve
231 1157 315 1240 piger
324 1155 518 1235 ,reditusque
532 1157 593 1242 mei
606 1157 649 1218 si'c
663 1155 880 1240 cura'refugit?

126 1251 312 1335 Argentum,
327 1251 421 1311 nitida
430 1251 512 1330 ‘qnod
526 1271 635 1331 purum
649 1251 715 1312 luce
729 1249 839 1325 tulisti,

125 1344 176 1407 En
188 1359 300 1408 tetrum
311 1366 506 1425 pressumque
521 1344 624 1405 refers.
638 1343 722 1404 Nam
731 1341 849 1426 cognita
866 1343 1012 1426 quondam

125 1438 274 1514 Delituit,
289 1461 346 1500 nec
356 1441 559 1519 respondens,
576 1450 608 1498 ut
620 1459 699 1519 saepe
713 1436 846 1513 solebat,

126 1529 241 1592 Forma
255 1532 349 1607 mihi,
363 1531 518 1611 vultusque
531 1532 667 1592 meinon
681 1545 766 1612 paret
778 1531 888 1616 imago

125 1625 280 1706 Assignata
289 1625 346 1686 tibi
356 1647 363 1683 :
375 1628 428 1693 sed
441 1627 466 1686 si
479 1626 628 1686 ferrentur
640 1628 678 1686 ad
692 1647 777 1702 usos,

55 1785 59 1791 „
126 1720 294 1798 Altarisque
304 1720 366 1780 mei
377 1719 541 1802 tetigissent
554 1720 667 1781 credita
679 1723 826 1796 mensam,

129 1811 288 1877 Cresceret
300 1813 459 1893 inscriptus
471 1827 574 1874 nostro
588 1815 626 1874 de
637 1812 761 1875 nomine
772 1834 936 1878 nummus

91 1939 95 1948 s
127 1907 221 1970 Nunc
233 1909 320 1992 igitur
334 1906 439 1966 samuli
453 1927 505 1968 vos
518 1921 615 1968 totum
628 1907 704 1968 ier'te
717 1907 820 1968 fideles
833 1929 852 1984 ,¹

127 2005 227 2065 Addat
240 2017 272 2064 ut
284 2002 406 2063 utilibus
418 2005 486 2062 sors'
493 2001 613 2076 ultima,
626 2001 712 2062 tollat
722 2001 821 2062 inerti.
865 2003 868 2008 ’

128 2097 292 2181 Improbus
305 2099 336 2159 in
351 2096 452 2179 paucis
462 2095 512 2156 hic
524 2091 629 2179 dignus
641 2117 704 2158 non
717 2096 774 2156 erit
784 2093 852 2156 ullis
866 2120 874 2155 :
920 2097 928 2112 ⁶

132 2193 269 2272 Quisque
281 2191 466 2252 voluntatem
476 2190 602 2251 noscens
615 2190 782 2252 contemnit
793 2189 952 2266 herilem,

133 2284 267 2347 Caeditur
279 2285 329 2344 hic
341 2283 458 2359 multis,
471 2284 575 2365 paucis
585 2283 637 2362 qui
647 2283 763 2346 nescius
775 2296 863 2343 errat.

131 2375 213 2460 Ergo
227 2397 299 2458 age,
313 2377 469 2438 succinctis
482 2380 520 2437 ad
532 2377 622 2438 fortia
632 2377 737 2458 praelia
747 2377 858 2438 lumbis

132 2469 256 2535 Armata
268 2487 337 2530 cum
350 2483 451 2530 mente
463 2471 547 2546 ¹veni,
560 2491 618 2532 nec
630 2471 743 2531 semina
755 2470 872 2532 bellum

133 2562 296 2624 Formides
307 2561 387 2641 quod
401 2581 487 2623 ruens
499 2567 626 2647 peragit}
643 2584 714 2626 nam
727 2565 955 2648 gloria'dodum

135 2653 227 2717 Sexus
238 2655 293 2716 ista
302 2655 345 2717 toi
356 2666 428 2714 nota
440 2669 484 2716 est
495 2657 552 2717 tibi
562 2679 641 2740 saepe
651 2658 791 2741 legente·

135 2749 204 2811 Nec
215 2750 337 2811 dubiam
351 2763 380 2810 te
393 2769 479 2811 nosse
490 2755 578 2826 reor,
590 2773 657 2814 cnm
669 2751 817 2813 Debbora
829 2757 992 2832 qnondam

135 2841 270 2904 Duceret
280 2844 435 2906 instructas
446 2857 515 2927 post
523 2844 613 2906 fortia
625 2845 747 2908 classica
756 2859 890 2924 turmas,
942 2835 947 2842 ¹

136 2933 177 2996 Et
188 2934 295 2996 mulier
306 2951 426 3020 sumpto
439 2940 620 3021 praecederet
632 2940 863 3024 agmina'signo,

137 3027 285 3091 Mirantes
296 3031 412 3092 hortata
424 3034 520 3107 viros,
532 3051 606 3113 quos
618 3034 684 3115 ip'sa
696 3036 820 3110 ducato,

84 3155 88 3160 ·
138 3120 305 3203 Exemplo,
319 3126 471 3204 verboque
484 3127 946 3192 monensaecenttttntostem.
