2172 3862
37 333 63 370 v.
81 311 152 385 584
275 325 336 375 oc
369 326 469 378 neo
504 329 590 380 ern.
623 329 693 381 ιιι.
862 319 925 392 483

39 411 184 489 Crinibus
196 415 352 490 intonsus,
360 419 470 498 pannis
482 418 685 498 squalentibus
694 443 778 496 usns;

38 506 69 566 N
73 522 154 582 otus,
168 520 198 569 et
211 509 327 592 ignotus
339 511 460 584 desum,
475 512 577 574 abiere
591 528 750 594 parentes,

40 600 95 661 Me
105 597 212 681 quibus
226 602 380 692 impendi,
395 624 466 664 mox
476 605 646 667 dedidicere
659 609 841 689 propinqui,

38 694 101 755 Vel
114 696 282 775 quicunque
294 696 366 770 luit,
381 697 480 758 subito
493 699 625 761 discessit
638 702 760 764 amicus.

39 789 170 871 Agmina
183 809 337 850 servorum
352 789 480 873 lugiunt,
494 803 644 873 tempsere
658 793 800 870 clientes,

38 880 109 943 Nec
123 881 246 943 doluere
258 902 358 944 meam
375 897 455 946 tanta
467 885 522 948 snb
535 886 618 948 clade
631 886 748 948 ruinam
764 913 771 950 :

37 973 188 1036 lrascente
200 971 271 1036 Deo
282 1020 291 1052 ,
304 976 411 1038 solatia
427 992 532 1040 cuncta
544 994 697 1064 negantur.

78 1063 151 1130 Hoc
164 1083 315 1150 superest,
329 1083 361 1132 ut
375 1073 434 1131 vita
447 1073 549 1146 cadat,
563 1073 621 1134 nisi
635 1093 761 1154 parcere
776 1071 864 1137 mitis.
912 1065 917 1120 ἶ

36 1161 59 1220 J
60 1162 171 1222 usseris
183 1161 310 1237 afflicto,
323 1184 414 1244 quern
426 1164 469 1226 sic
481 1165 596 1246 fregere
609 1166 740 1226 dolores.

37 1255 158 1316 Punisti
169 1269 335 1332 errantem,
351 1277 430 1319 nunc
443 1257 504 1339 jam
521 1257 663 1318 miserere
676 1258 804 1319 latentis.

40 1349 173 1410 Poenitet
182 1352 220 1410 cn
234 1370 370 1430 peccasse
383 1339 492 1423 uimis,
506 1350 568 1430 jam
582 1370 671 1432 parce
686 1343 803 1433 flagello
817 1375 824 1412 :

39 1442 123 1502 Nam
137 1463 254 1522 nequeo
266 1442 395 1502 tolerare
410 1441 501 1502 miser
512 1454 555 1502 tot
569 1442 703 1504 cladibus
716 1456 807 1506 actus.

40 1535 171 1616 Aspice,
186 1555 285 1613 quaeso
299 1537 383 1610 setis,
392 1535 534 1616 precibus
546 1555 584 1596 ne
598 1535 738 1598 clauseris
749 1555 834 1598 aures
980 1615 983 1618 Ι

40 1627 180 1702 Nostris,
194 1641 312 1702 sancte,
328 1641 407 1702 tuas,
421 1629 472 1708 qui
486 1629 536 1689 das
551 1643 701 1709 praecepta
714 1629 877 1712 benignus,

39 1723 89 1783 lra
101 1720 236 1782 hominis
246 1743 314 1782 eum
327 1722 390 1782 sole
404 1722 488 1782 cadat
502 1723 538 1782 de
553 1723 643 1783 corde
659 1719 801 1798 furentis,

38 1815 79 1876 Et
93 1807 215 1876 veniam
226 1834 284 1874 nox
297 1815 362 1896 ipsa
373 1813 447 1876 serat
465 1839 472 1876 ι
487 1815 537 1894 qui
552 1815 708 1894 praecipis,
720 1828 751 1874 ut
763 1813 817 1889 sit,
921 1888 925 1898 Ἰ

38 1909 105 1972 Fac
118 1909 203 1983 fieri,
216 1909 301 1987 quod
311 1921 341 1968 et
354 1898 418 1988 ipse
431 1907 537 1989 jubes,
550 1907 693 1968 miserere
706 1907 853 1990 rogantis,

38 2001 78 2064 Et
92 2001 242 2085 lacrymas
256 2001 381 2062 intende
390 2018 491 2074 meas,
505 2017 576 2077 quas
589 1997 682 2058 tundo
695 1997 815 2062 diurne:

38 2095 168 2170 Tristis,
184 2108 212 2154 et
226 2108 345 2158 extenso
359 2103 524 2174 prostratus
539 2111 669 2172 corpore
683 2091 802 2177 plango.

40 2188 96 2253 Me
113 2188 276 2248 miserum!
297 2187 349 2267 qui
363 2198 443 2246 tanta
454 2186 536 2262 lero,
550 2184 598 2247 cui
613 2196 693 2244 tanta
707 2177 816 2268 parasti
899 2233 902 2242 .

43 2279 203 2364 Supplicia
215 2279 363 2344 scelerum
376 2303 383 2341 ι
399 2299 518 2346 merear
527 2271 600 2342 licet
612 2274 709 2360 scrius
723 2273 790 2349 uri,

42 2374 175 2436 Munere
185 2373 353 2455 percipiam
368 2371 513 2446 Domini,
528 2371 670 2431 redeunte
684 2371 804 2442 lavore,

42 2467 207 2547 Quidquid
220 2485 321 2528 amara
334 2465 414 2540 dies,
429 2477 458 2526 et
469 2478 609 2544 tempora
621 2463 694 2522 dura
705 2461 844 2522 tulerunt.

80 2559 200 2622 Lucem
211 2560 459 2638 redde„prec-or,
472 2557 523 2635 qni
533 2570 672 2638 tempora
683 2555 830 2616 subtrahis
841 2551 862 2614 J
865 2553 905 2616 ob

39 2655 178 2736 Aspera,
190 2651 367 2723 restituens,
382 2650 527 2731 quidquid
540 2649 636 2710 malus
646 2649 739 2709 hostis
752 2647 878 2720 ademit;

41 2747 140 2808 Arida
153 2746 203 2825 qui
217 2763 337 2825 reparas
348 2743 476 2822 antiquis
490 2743 638 2802 mortibus
649 2761 729 2816 ossa,

41 2839 123 2920 Quae
135 2837 282 2899 membris
291 2835 407 2897 rediere
418 2836 493 2911 suis,
509 2834 655 2896 clamante
670 2833 834 2916 propheta,

39 2933 144 3011 Atque
156 2931 296 2993 homines
309 2930 421 2991 lactura
433 2930 517 3009 jubes
532 2923 665 3010 reptare,
678 2927 794 2988 cruoris

44 3023 172 3086 Humor
184 3036 215 3085 ut
227 3022 398 3104 absumptas
410 3019 563 3082 intraverit
572 3034 642 3080 ante
656 3017 808 3081 medullas.

39 3116 216 3182 Nascuntur
227 3136 329 3194 venae,
342 3118 403 3202 jam
415 3115 514 3178 nervis
528 3111 665 3176 membra
677 3112 820 3198 ligantur,
