2126 3848
288 335 718 466 ARATORIS

74 804 511 897 APOSTOLICAE
563 814 895 908 HISTORIAE

269 1245 413 1302 LIBER
446 1251 724 1307 SECUNDUS.

26 1644 207 1728 Setun-us
220 1677 376 1750 accensam
387 1661 481 1724 verbo
492 1665 625 1729 radiante
637 1669 791 1735 lucernam

19 1753 98 1817 Sub
113 1753 236 1815 modio
248 1752 350 1817 lucere
362 1768 481 1834 vetans,
495 1761 640 1823 secernite
657 1761 782 1827 Sauium

17 1847 123 1910 Dixit
137 1848 176 1908 in
192 1847 256 1907 oris
266 1867 360 1928 opus,
374 1869 465 1929 quern
477 1871 547 1913 mox
558 1856 682 1917 sacrarit
695 1873 835 1935 euntem,

17 1941 198 2025 Imposita
213 1937 319 2002 Petrus
331 1940 382 2006 itte
395 1963 486 2004 maun
497 1967 504 2005 ε
517 1947 565 2009 cui
579 1969 680 2011 sermo
693 1952 825 2034 magistri

25 2034 170 2096 Omnia
181 2048 272 2112 posse
285 2034 386 2108 dedit,
403 2034 561 2117 Cyprum,
578 2037 787 2120 Salaminaque
800 2043 939 2126 linquens

22 2125 151 2211 Pergit
163 2124 250 2186 adire
262 2121 419 2206 Paphum
433 2148 498 2207 quae
512 2129 605 2190 fertur
617 2133 770 2195 amoribus
781 2135 856 2197 olim

23 2317 247 2401 Aliger-osque
258 2333 348 2398 vagos
356 2315 454 2376 studio
467 2316 593 2380 coluisse
606 2321 738 2399 procaci.

26 2409 128 2472 Hinc
145 2427 277 2489 operum
287 2409 426 2489 procedit
438 2427 529 2490 apex,
543 2411 613 2491 quia
625 2415 719 2497 gratia
732 2419 831 2499 major

25 2503 84 2565 At
100 2500 222 2564 delicta
233 2501 331 2578 venit,
344 2501 447 2583 culpas
459 2501 529 2566 huic
541 2525 629 2585 posse
642 2509 756 2570 remitti

29 2594 235 2676 Exemplum
246 2595 307 2678 jam
321 2593 431 2657 Paulus
444 2609 524 2672 erat,
538 2619 603 2678 qnae
616 2599 774 2681 splendida
784 2603 905 2666 tandum

28 2691 183 2754 Materia
195 2702 238 2750 est
250 2691 364 2772 adjecta
378 2687 461 2750 rito:
474 2691 643 2771 primordia
654 2707 732 2756 casta

26 2786 69 2848 ln
84 2787 183 2850 luxus
198 2784 320 2866 regione
332 2783 421 2859 serit,
435 2783 605 2862 fructusque
616 2787 741 2865 pudicos

26 2877 234 2959 Multiplicat
247 2876 371 2938 lascivus
383 2895 467 2959 ager:
483 2877 531 2938 cui
545 2877 645 2940 nescia
659 2881 727 2960 post
739 2879 803 2942 hcc
992 2948 996 2956 ,

24 2971 251 3050 Difficilisque
264 2968 359 3046 foret,
374 2991 442 3032 cum
457 2971 500 3032 sic
514 2971 668 3048 videatur,
681 2973 821 3036 honestas
917 2966 925 2974 ⁴

24 3069 81 3130 De
98 3065 189 3147 turpi
204 3063 325 3144 caepisse
339 3063 427 3140 loco,
441 3084 510 3146 pars
522 3085 621 3146 nequa
631 3081 749 3130 vacaret

24 3163 56 3226 A
70 3158 201 3222 meritis
210 3158 329 3241 jejuna,
343 3171 445 3220 tamen
459 3159 585 3222 molitur
597 3159 717 3240 iniquus
