2106 3846
169 335 228 402 ποθ
335 335 341 362 r
405 343 807 400 nnc.ttlt.av1t·1
932 335 1012 419 r.rlp

166 435 198 504 N
201 463 249 506 am
260 442 313 521 qui
326 441 465 502 diffusam
478 442 575 522 spatio
586 441 701 502 laxante
712 442 842 522 plateam

167 534 328 595 Mundanis
339 533 443 594 ludens
453 534 533 595 uerti
546 555 626 595 nunc
636 554 740 618 aggere
752 536 865 610 currit,

165 627 305 690 strictior
314 627 393 690 hunc
404 647 505 690 carcer
518 628 631 688 crudeli
644 639 724 688 sorte
733 628 846 710 ligabit.

205 720 254 781 Tu
267 722 359 782 modo
372 723 407 780 da
417 720 537 782 veniam
546 719 600 799 qui
612 733 641 780 te
654 721 823 780 exhumatur
835 723 946 794 amri,

167 813 406 892 Currentemque
417 825 543 887 monet,
555 831 626 874 eum
639 814 686 872 rix
698 825 798 873 tamen
813 815 877 894 ipse
888 823 1014 892 sequatur,

167 903 278 966 Suadet
287 905 382 966 veloci
397 909 495 967 tardus
508 907 689 987 compendia
701 923 825 989 gressus.

167 998 306 1079 Namque
319 1001 355 1059 ad
369 1000 556 1074 doctrinam,
571 999 803 1078 canimusquam
814 1015 946 1080 paupere
955 1015 1014 1058 reru

166 1089 215 1151 Τιι
227 1092 333 1152 melius
346 1094 405 1172 jam
417 1094 503 1154 docta
515 1092 597 1152 renis
608 1135 616 1166 ,
629 1113 696 1171 quae
708 1093 808 1172 junior
821 1104 916 1168 ortu,¹

168 1183 338 1268 Relligionc
351 1186 456 1266 prior,
470 1184 589 1245 vivendi
603 1187 668 1266 jura
680 1185 801 1257 dicasti,

167 1277 386 1357 Annorumque
398 1295 524 1356 sequens
534 1320 542 1352 ,
554 1278 734 1336 meritonam
745 1290 826 1337 sorte
838 1288 981 1358 superstas

169 1369 265 1448 Quod
275 1371 300 1430 si
310 1372 539 1450 consequimur,
554 1373 615 1452 jam
625 1383 762 1436 nostrum
775 1370 853 1432 forte
867 1381 990 1452 putetur:

171 1462 265 1542 Quod
282 1465 453 1542 sequimur,
475 1476 577 1524 tamen
597 1462 692 1524 hocce
709 1475 796 1525 tuum
817 1477 862 1525 est
873 1487 882 1524 ε
895 1457 1016 1525 mersio

333 1554 459 1614 fratrum

168 1643 318 1727 Exemplo
331 1647 467 1707 debenda
477 1649 530 1728 pio
542 1691 550 1721 ,
564 1647 728 1727 tercspicit
739 1657 865 1719 auctor,

170 1737 380 1819 Primitiasque
390 1739 423 1799 in
436 1753 465 1800 te
477 1740 567 1801 sacris
580 1742 617 1800 de
631 1739 776 1801 fructibus
786 1737 901 1800 offert:

168 1833 279 1895 Indicit
291 1836 342 1894 sed
356 1847 455 1896 sancta
466 1833 558 1908 fides,
574 1845 605 1892 ut
617 1832 709 1893 corde
718 1831 896 1912 propinquo
1027 1835 1028 1905 l

139 1936 143 1942 '
170 1926 350 2010 Participata
360 1927 437 1988 leret
446 1927 610 1988 fraternum
622 1925 878 2005 surcinapoudns.
1026 1995 1027 2000 η

168 2019 217 2092 'l'u
227 2041 386 2105 germana,
401 2021 487 2102 pium
501 2039 566 2098 qnae
579 2019 711 2082 ducisab
723 2019 816 2078 ubere
828 2018 954 2094 sam,
1026 2005 1027 2066 l

168 2113 199 2173 N
203 2135 241 2174 ou
254 2117 369 2189 carnis,
384 2116 436 2174 sed
448 2114 520 2196 legis
533 2113 623 2172 habes
631 2112 750 2173 cervice
761 2110 843 2170 fideli

169 2205 294 2266 Subdita
305 2209 382 2270 ferre
392 2209 494 2290 jugum
505 2249 513 2279 ,
526 2223 583 2266 nec
591 2204 690 2265 vincla
700 2206 735 2263 in
747 2204 935 2287 murgiano
946 2229 952 2265 ε

168 2297 445 2360 Mundanasodisse
459 2299 536 2371 vias,
551 2315 727 2378 percurrere
737 2295 886 2359 mundat:
1024 2313 1025 2384 l

166 2391 254 2456 lllinc
264 2393 345 2450 nolle
358 2404 460 2462 toros,
474 2391 545 2451 hinc
554 2409 701 2470 sponsum
711 2410 847 2470 quaerere
859 2391 1008 2456 Christum,

168 2483 220 2545 Sic
230 2485 318 2543 taedas
331 2483 504 2562 tempsisse,
519 2484 572 2562 pio
584 2485 665 2562 quod
676 2470 780 2545 amore
792 2485 912 2562 calere,
1023 2469 1024 2543 l

133 2605 135 2612 v
167 2575 256 2658 Pigra
265 2573 410 2658 voluptati
423 2573 587 2664 fervescere
600 2577 691 2638 corda
700 2576 820 2654 lobon,

165 2667 307 2752 ignorare
320 2669 434 2744 virum,
448 2668 525 2728 setus
536 2682 636 2730 tamen
648 2671 736 2732 edere
746 2671 840 2749 talos,
1022 2643 1023 2704 l

168 2759 256 2842 Quos
267 2763 360 2823 tristis
370 2782 525 2844 nunqnam
539 2764 632 2843 possit
642 2765 698 2825 tibi
710 2765 816 2827 tollere
827 2785 918 2844 pasus.

206 2853 282 2914 Non
296 2855 400 2915 orbata
410 2877 511 2940 gemes
519 2855 655 2918 fecunda
666 2858 792 2941 pignora
801 2861 886 2934 rite,

165 2945 234 3008 Nec
247 2945 365 3008 viduam
377 2968 488 3028 sponso
502 2963 616 3013 metues
626 2971 778 3034 superesse
790 2953 933 3034 perenni,

163 3039 279 3121 Expers
289 3042 357 3123 ipsa
369 3043 441 3103 mali
453 3068 460 3103 :
473 3065 531 3106 nec
544 3057 573 3105 te
584 3046 729 3107 sententia
742 3045 855 3130 tanget,

165 3133 236 3212 Qua
249 3134 343 3215 prolis
355 3137 519 3217 mortisque
531 3157 638 3220 pareus
649 3140 839 3222 compellitur
849 3138 934 3213 lira,
