2102 3846
26 358 128 443 may.
215 372 679 426 POEMATUMLIB.II.
848 362 904 439 ¹135

29 467 162 549 indigetes
172 468 318 546 quosdam
328 467 420 528 stellis
433 467 581 530 ascribere
595 468 700 545 divos,

29 557 127 620 Junior
135 559 266 639 antiquis
277 571 345 619 aetas
356 581 431 639 quos
440 561 570 642 praetulit
586 562 671 622 astris
688 585 695 620 ε

31 652 114 730 Atque
124 652 264 714 infernali
277 655 339 734 jam
352 654 465 716 dudum
480 667 570 716 nocte
583 655 706 736 sepultis
741 719 743 734 Ι

32 742 105 804 Vana
115 767 169 827 per
181 747 366 808 immensum
379 747 538 829 disponere
552 749 676 810 nomina
690 747 808 816 eoelum.

66 844 121 900 Jam
132 841 280 924 magicam
289 842 376 924 digne
388 841 483 902 valeat
495 841 560 922 quis
571 842 671 912 dicere
689 842 826 906 fraudem
839 887 849 920 ,

41 928 163 996 Occultas
176 936 268 998 tacito
281 947 445 996 tentantem
455 949 577 1018 pectore
591 935 686 1010 vires,

34 1023 137 1088 Divinis
147 1029 230 1111 jungi
242 1028 402 1112 'virtutibus¹
413 1041 442 1090 et
452 1029 645 1110 cupientem?

33 1115 136 1201 Legiser
148 1135 180 1182 ut
196 1122 350 1200 quondam
363 1135 443 1183 vates
453 1165 462 1196 ,
474 1123 529 1182 sub
540 1142 607 1204 rege
619 1122 752 1202 superbo
765 1164 775 1198 ,

35 1207 103 1272 Dum
115 1236 190 1276 nura
199 1228 379 1276 monstraret
391 1216 462 1296 jussi
475 1214 616 1286 miraculi,
626 1214 723 1294 signi„

36 1299 191 1369 Commuvit
203 1310 300 1371 livore
312 1329 433 1390 magus,
450 1321 483 1367 ut
495 1309 564 1366 talia
578 1318 711 1382 tentent,

34 1397 269 1480 Accumulentque
283 1411 348 1462 suas
361 1399 427 1468 zelo
441 1396 574 1460 fervente
590 1399 699 1460 ruinas.

34 1487 84 1550 tttis
93 1507 261 1576 suppeteret
272 1506 352 1554 recta
362 1493 387 1552 si
401 1492 479 1554 sorte
492 1503 640 1573 potestas,
667 1507 669 1512 '

35 1579 164 1662 Demere,
178 1609 242 1648 non
255 1588 345 1648 etiarn
357 1585 497 1646 festinent
509 1587 619 1646 addere
632 1600 778 1648 monstra.

36 1671 141 1740 AEmula
150 1683 201 1741 sed
214 1680 305 1764 siguis
317 1692 451 1767 tantum,
465 1700 527 1740 non
539 1680 654 1760 viribus
664 1703 769 1761 nequa,

37 1766 111 1845 Quod
121 1793 274 1834 removere
288 1772 408 1852 nequit,
424 1773 586 1853 duplicavit
598 1775 702 1854 justius
715 1775 772 1833 irai

39 1859 104 1924 ilinc
114 1880 152 1926 est
164 1868 284 1928 laudato
296 1867 377 1944 quod
389 1879 512 1947 possunt
524 1868 658 1928 carmine
671 1865 784 1941 Marsi,

40 1949 104 2016 Cum
113 1961 199 2022 tacita'
208 1964 301 2022 saeros
313 1960 482 2041 producunt
495 1973 557 2021 arte
570 1961 736 2032 dracones,

41 2044 161 2114 dhsentes
176 2068 206 2116 et
219 2074 300 2133 suepe
313 2053 414 2133 jubent
426 2051 587 2134 confligere
596 2072 707 2112 secum.

40 2134 105 2202 Tunc
116 2159 144 2205 ut
155 2149 281 2226 quisque
293 2166 413 2228 gravem
424 2145 505 2204 bello
521 2143 708 2222 praesenserit
721 2143 850 2227 hydrum
863 2182 872 2221 ,

40 2229 135 2312 Aspidis
146 2255 193 2300 aut
204 2241 286 2299 durae
298 2238 408 2299 clausas
418 2236 593 2318 cognoverit
604 2256 709 2314 aures,

43 2321 157 2392 Concutit
170 2333 295 2392 interius
309 2329 416 2392 secreti
426 2329 567 2392 carminis
580 2351 664 2391 arma
678 2355 686 2390 :

43 2411 153 2484 Protinus
164 2440 194 2488 et
204 2425 288 2486 lassis
300 2424 391 2485 verbo
405 2423 533 2498 luctante
546 2426 685 2502 venenis,

44 2505 219 2600 diurimpune
231 2539 322 2579 mauu
334 2517 459 2580 coluber
468 2529 607 2580 tractatur
616 2519 759 2595 inermis,

42 2597 69 2661 Et
80 2629 179 2676 morsus
191 2625 306 2673 tantum
320 2657 329 2688 ,
345 2631 407 2672 nou
422 2613 519 2689 virus,
532 2613 564 2672 in
575 2633 669 2696 angue
682 2613 815 2674 timetur.

42 2690 163 2766 interdum
173 2709 254 2789 perit
266 2707 440 2781 incantans,
457 2706 481 2766 si
494 2705 601 2768 callida
613 2700 718 2766 surdus

42 2787 196 2871 ddjuratoris
208 2802 390 2880 contempsit
402 2818 557 2860 murmura
570 2818 702 2878 serpens.

41 2876 233 2968 Hocquoniam
247 2897 284 2955 de
300 2907 393 2954 matre
403 2893 546 2976 terebant,
560 2904 589 2952 et
603 2892 717 2976 origine
732 2892 851 2974 prima,

41 2970 170 3060 diminuit
183 2989 294 3050 fraudis
306 2988 386 3068 quod
396 2987 458 3062 sic,
473 2985 762 3069 linguaequeperiti,
868 3041 871 3052 „

43 3060 122 3137 Mutua
132 3103 185 3160 per
198 3084 331 3165 speciem
345 3083 472 3142 reddunt
486 3082 670 3158 commercia
681 3081 773 3142 fandi.

44 3153 91 3226 Nec
101 3173 189 3237 ninus
199 3177 244 3238 his
257 3175 353 3257 pulsat
365 3176 517 3250 contraria
531 3193 603 3238 cura
616 3173 734 3249 salutis,
761 3241 764 3250 f
791 3207 794 3214 ⁴
