2142 3858
138 319 199 407 378
357 329 532 388 inermus
549 317 785 388 uvosrouum
913 345 939 383 v.
956 325 1023 409 735.

138 429 231 509 Quod
243 429 319 509 jacet
331 425 455 486 interius
467 428 576 502 menti,
589 446 651 487 nun
665 428 739 486 dura
751 425 866 486 metalli

138 520 281 584 Materies
292 519 347 582 sub
360 520 451 580 corde
462 520 549 596 latet,
562 521 614 582 sed
626 521 756 600 apertius
768 517 844 580 illud

138 615 290 699 Exagitet,
304 614 384 693 quod
400 610 536 673 Christus
546 627 642 686 amat,
657 633 742 674 ruens
753 612 863 673 obtulit
879 629 1007 684 aurum,
1066 619 1067 694 l

140 705 200 770 Cui
213 707 302 768 luerit
313 706 443 788 pretiosa
454 705 544 781 fides,
559 706 729 786 pariterque
741 705 895 765 ministrat
1066 707 1067 716 ’

138 791 324 882 Argentum,
338 799 386 860 cui
400 817 472 860 voce
485 811 591 859 sonant
602 800 683 859 buna
694 812 840 882 tympana
853 800 981 874 cordis,
1066 797 1067 848 ἶ

139 891 184 953 Ut
196 892 367 953 Dominum
379 892 439 950 duo
451 894 552 972 juncta
564 892 662 952 colant
673 935 682 966 ‚
695 894 732 952 de
742 904 869 972 pectore
881 912 1001 967 sensis,
1066 925 1067 962 r

137 985 188 1046 De
200 987 339 1045 sermone
352 1003 457 1056 sonus,
472 984 514 1046 sic
526 1003 631 1044 aurum
644 986 780 1067 dogmata
790 983 888 1067 legis,

139 1081 362 1162 Argentumque
375 1086 480 1158 petunt
490 1078 549 1139 boc
562 1079 598 1137 ad
611 1077 662 1157 pia
671 1076 783 1156 templa
795 1079 915 1157 parari.

140 1170 208 1254 Nos
221 1170 290 1250 quia
299 1169 412 1250 templa
423 1189 541 1245 sumus„
555 1171 580 1230 si
594 1169 722 1230 crimina
733 1182 840 1230 cuncta
853 1172 1005 1232 recedant
1066 1175 1067 1216 ἕ

141 1262 270 1326 Praescia
280 1263 371 1325 verba
381 1274 525 1338 monent,
538 1263 618 1342 quod
632 1262 784 1342 apostolus
795 1263 863 1342 ipse
879 1264 1016 1336 revelat,
1066 1289 1067 1338 p

143 1354 246 1417 Corde
256 1354 333 1416 salus
343 1355 490 1417 credentis
498 1356 573 1430 erit,
585 1355 732 1416 confessio
746 1375 830 1416 voce.

143 1446 294 1532 Sacrilego
306 1468 424 1534 resnou
436 1449 490 1510 luit
501 1471 509 1508 ι
521 1445 697 1508 Demetrius
706 1449 783 1508 aedes
897 1473 903 1482 ·

114 1589 118 1598 .
145 1539 292 1604 Condidit
302 1554 443 1624 argento,
458 1543 540 1622 cujus
551 1540 689 1604 facundia
701 1539 795 1602 movit

144 1633 211 1694 llos
220 1634 354 1708 animus,
369 1646 401 1693 ut
415 1653 522 1696 norma
533 1633 642 1714 'probet
653 1633 717 1694 siue
727 1632 826 1714 judice
839 1653 938 1698 sensu
1066 1645 1067 1660 l

143 1727 278 1789 Numina
289 1743 363 1788 vana
372 1727 432 1787 coli
443 1769 452 1803 ‚
464 1747 521 1790 nec
533 1728 569 1787 de
580 1727 687 1788 virtute
699 1726 800 1787 venire

144 1819 279 1883 Pectoris
288 1819 365 1880 istud
377 1839 472 1900 opus,
487 1821 535 1884 cui
546 1839 615 1901 pars
626 1818 917 1896 lucrabuntur,

144 1913 223 1992 Quae
235 1912 359 1974 rationis
368 1912 458 1994 inops
470 1913 581 1973 nudam
595 1909 665 1972 sciit
675 1932 727 1972 ore
740 1911 907 1990 loquelam.
1066 1981 1067 1994 ἢ

184 2004 233 2067 Tu
242 2005 457 2089 quoque-signa
469 2005 567 2066 ferens
579 2004 681 2065 titulos
693 2005 724 2064 in
737 2003 872 2066 carmine
885 2019 1001 2069 nostro
1066 2005 1067 2068 Ῑ

143 2097 238 2179 'froja
249 2117 362 2178 repone
374 2111 461 2174 tuos,
475 2111 505 2160 et
514 2097 653 2159 laudibus
665 2097 741 2156 adde
752 2096 952 2177 triumphos,

146 2189 212 2269 Qui
224 2191 316 2272 magis
329 2210 445 2252 cavero
459 2189 570 2272 fulgent
579 2188 636 2249 tibi
646 2187 754 2250 clarius
764 2200 849 2262 actu,
870 2215 879 2224 ·

146 2275 251 2361 Quarti
264 2301 338 2360 quus
350 2301 502 2362 pomposo
516 2282 641 2344 reboant
652 2294 702 2342 tua
713 2280 793 2342 bella
805 2280 978 2344 cothurno.

146 2373 261 2456 Lingua
274 2373 382 2435 colona
395 2371 456 2434 Dei
468 2395 537 2438 cnm
548 2374 663 2434 semina
674 2373 733 2435 feta
745 2373 830 2434 saluti

147 2465 322 2548 spargeret,
337 2464 478 2526 inseram
492 2467 631 2545 produxit
640 2479 779 2546 tempora
792 2479 918 2539 noctem

146 2557 218 2620 Plus
231 2556 339 2618 animis
349 2556 460 2617 lectura
474 2558 573 2631 diemt
588 2559 720 2621 micuere
733 2578 864 2620 coruscae

146 2651 334 2733 Lampados,
348 2662 379 2712 ut
389 2651 473 2712 verbi
485 2650 619 2714 lucerent
632 2653 699 2735 igne
710 2640 828 2712 bdeles:

120 2768 122 2774 ·
148 2744 237 2808 Solus
249 2746 287 2807 ab
298 2743 428 2807 excubiis
442 2744 591 2806 vivacibus
604 2742 757 2828 Entbycus
770 2742 850 2804 exsul

147 2837 250 2900 Mersa
260 2858 369 2918 sopore
380 2838 463 2920 gravi
475 2837 626 2900 commisit
634 2837 771 2898 membra
782 2828 933 2900 sencslrae.

127 2965 129 2970 ·
148 2927 182 2990 Ο
194 2931 272 2991 male
284 2943 367 3011 parta
378 2932 462 3009 quies
471 2952 513 3007 ,ὀ
527 2951 647 3012 semper
658 2929 758 2990 dedita
767 2949 876 2990 somno

148 3020 276 3084 Pectora
287 3023 366 3083 nuda
378 3022 474 3084 bono!
483 3024 605 3103 quantis
616 3035 697 3104 patet
710 3021 762 3083 ille
773 3019 886 3096 ruinis,

147 3112 250 3191 Quem
261 3113 393 3175 nunsula
406 3127 504 3191 tenet,
520 3136 732 3196 nunquamque
748 3116 906 3180 resuscitat
921 3135 1029 3200 agrum
