2172 3862
168 271 232 360 476
449 285 781 340 nnncorrrrr
946 271 1056 356 czyfi.

171 377 317 442 Crinibus
327 373 431 439 elfnnir
443 377 600 441 lacerasset
611 390 735 461 pectora
749 377 861 461 palmis

167 471 295 534 illustris
306 484 444 532 matrona
457 471 579 547 dolens,
595 471 716 553 plebeia
727 471 875 548 lacertos,
889 487 897 500 '

168 563 328 628 scinderet
339 586 435 649 ungue
448 585 551 628 secans
561 564 658 626 vultus
670 565 721 646 pia
734 566 823 627 turba
835 567 1004 639 modestos,

167 657 216 720 Ut
228 661 383 740 qnondam
397 658 506 720 lliades
518 658 665 720 fleverunt
676 657 811 721 Hectora
822 671 952 734 matres,

167 750 385 837 Nympharum
398 773 454 814 ceu
467 753 556 816 turba
566 773 654 814 suum
667 764 738 816 tuuc
749 752 864 834 planxit
877 749 1044 826 Achillem,

167 844 216 905 Ut
226 845 358 908 Brutum
371 844 484 927 planxit
498 858 604 908 musta
614 866 685 909 cum
697 846 787 927 plebe
798 857 937 921 senatus,

167 937 244 1000 Non
257 951 347 1014 aetas,
359 958 423 999 non
436 945 520 999 sexus
532 951 614 1015 erat,
628 939 680 1018 qui
692 939 779 1000 funus
791 939 934 1000 acerbum

167 1031 243 1094 Non
256 1044 388 1115 gemeret
399 1031 567 1114 reputando
580 1051 667 1092 suum
677 1055 684 1091 ε
696 1030 849 1112 Torquate
860 1049 996 1114 propago

169 1123 222 1187 Sic
233 1137 277 1186 est
291 1124 411 1206 plancta
421 1124 473 1184 diu
485 1123 599 1188 scelere
612 1137 760 1205 prostrata
773 1124 915 1208 parentis

211 1216 346 1280 Seevola
358 1216 584 1299 flammipotens
594 1217 729 1279 dextram
741 1232 938 1280 contemnere
954 1219 1057 1301 dignm

170 1308 337 1374 Constituit
346 1312 455 1394 punire
469 1331 612 1386 manum,
625 1311 695 1374 licet
708 1313 773 1394 ipse
786 1312 910 1387 fefellit,

168 1403 245 1466 Non
258 1424 384 1482 manus,
397 1406 522 1466 audaces
532 1405 668 1470 animos:
682 1403 750 1487 plus
762 1405 899 1487 praestitit
910 1424 1014 1479 error,

168 1495 216 1558 Ut
227 1497 293 1560 sine
305 1510 404 1559 morte
415 1498 499 1560 ducis
511 1497 557 1558 vir
569 1510 684 1564 tautum
697 1497 793 1559 laudis
801 1497 936 1560 baberet.

169 1590 246 1653 Non
260 1597 385 1652 romana
398 1611 491 1652 nums
500 1591 596 1654 doluit
605 1613 662 1673 per
671 1591 753 1654 bella
767 1593 930 1665 maritum,

167 1682 201 1744 N
203 1705 244 1746 on
254 1685 373 1768 genitor
385 1695 488 1745 uatum
500 1685 629 1764 planxit,
640 1705 708 1748 nort
715 1697 786 1745 nata
796 1697 974 1768 parentem,

167 1776 245 1839 Non
259 1779 363 1840 orbata
373 1795 484 1860 pareus
494 1777 613 1840 dellevit
624 1777 729 1839 lunera
738 1779 819 1854 nati,

167 1870 244 1933 Non
255 1891 469 1956 germanorum
477 1884 591 1932 mortes
602 1870 712 1934 llorere
719 1893 849 1936 sorores.

169 1964 203 2025 N
206 1986 241 2028 ec
251 1966 365 2028 bellum
377 1986 434 2048 pax
442 1965 503 2027 nlla
515 1964 604 2048 ligat,
619 1967 788 2050 pretiumve
801 1965 931 2028 redemit
945 1989 954 2026 t

168 2055 243 2120 Una
252 2080 359 2122 manus
369 2059 483 2126 bellum
493 2070 608 2122 lantum
621 2060 801 2141 compressit
807 2059 945 2134 inermis·

211 2151 321 2232 Quid?
334 2171 477 2214 romanus
486 2173 578 2232 eques
588 2167 669 2215 vasto
680 2153 795 2215 telluris
806 2154 890 2215 biatu

168 2243 323 2329 Praecipiti
333 2251 412 2328 jactu
422 2248 575 2308 demersus
583 2261 692 2328 sponte
702 2267 757 2328 per
767 2248 891 2310 umbras

169 2343 294 2407 Curtius
304 2341 467 2424 ingemuit,
479 2360 549 2402 cum
557 2341 660 2402 virum
673 2353 751 2402 terra
764 2341 891 2402 cadaver

170 2435 315 2511 Sorboit,
328 2447 444 2494 armato
455 2434 609 2495 deterrens
620 2433 726 2496 iuuere
735 2435 862 2497 menes?

168 2528 289 2603 Fortis,
303 2538 332 2587 et
345 2526 507 2588 incolumis
518 2526 634 2609 populo
645 2527 776 2592 mirante
788 2527 922 2610 sepultus
933 2572 945 2602 ‚
958 2607 966 2616 .

169 2623 229 2684 Vir
238 2619 367 2708 galeatus
377 2619 474 2699 adbuc
486 2619 599 2682 ferrato
610 2640 740 2702 corpore
751 2622 829 2683 visus

169 2718 256 2782 luter
268 2727 408 2778 tartareas
417 2715 462 2776 sic
471 2714 658 2776 descendisse
671 2716 818 2778 tenebras.

170 2799 288 2900 Pallida
299 2831 371 2895 gens
382 2809 485 2880 erebi,
499 2827 657 2888 poenarum
667 2811 770 2891 portio
780 2809 891 2886 curru,

170 2902 276 2966 Tertia
288 2924 369 2980 sors,
382 2925 451 2984 quae
460 2900 535 2964 lucis
547 2902 637 2984 inops
648 2903 786 2963 damnata
796 2902 933 2978 laborat,

173 2993 331 3071 Credidit,
343 2997 484 3060 Alcidem
497 2997 630 3077 praedam
643 2997 787 3079 repetisse
800 2999 987 3078 secundam,

172 3089 234 3151 Aut
246 3087 339 3151 alium
352 3102 450 3156 ratem
464 3109 547 3155 casus
555 3111 708 3156 revocasse
715 3091 869 3169 sinistros,
