2172 3862
137 277 198 352 438
408 247 738 346 unlcourrr
934 283 1029 366 ηδ.

139 383 297 464 Quidquid
310 396 340 444 et
351 384 526 446 innumerus
538 385 647 446 diversi
660 383 813 466 sauguinis
825 398 926 446 ortus.
1065 381 1066 468 l

139 476 203 556 Qui
214 477 295 539 nasci
309 478 443 561 diguatus
453 479 567 554 homo,
581 479 770 539 membratur
782 477 816 536 in
828 491 916 540 artus
1065 477 1066 566 l

140 569 290 654 Sanguine
303 571 436 635 feminee
447 583 603 634 concretus
615 571 737 652 spiritus
747 569 864 644 almus,
917 572 924 580 ’

140 662 249 743 Fitque
264 663 348 738 Deus
361 677 430 748 post
440 665 552 747 templa
566 664 630 747 poli
643 666 698 726 sub
711 685 820 738 carne,
834 665 935 748 figura
1065 689 1066 726 t

95 806 104 811 -
140 753 311 833 Passibilis,
326 759 463 820 mortalis
472 760 565 820 homo
578 759 642 818 sine
657 759 717 819 fine
729 760 893 840 perennIs:

141 849 182 912 Et
194 841 290 912 tenuis
304 873 359 932 per
371 867 477 915 cuncta
490 873 600 934 vapor,
615 855 676 933 jam
690 851 815 912 mollior
825 852 908 933 ignis

142 943 283 1026 irrepsit,
298 957 496 1024 tenerumque
508 959 593 1026 parat
604 966 661 1026 per
673 944 786 1006 viscera
798 964 926 1027 eorpus.

142 1037 279 1098 lnduitur
290 1057 434 1121 compage
449 1038 552 1113 Deus,
568 1051 713 1099 structura
726 1037 834 1122 ligatur

145 1130 292 1206 Ossibus,
307 1145 336 1193 et
349 1132 466 1207 nervis,
482 1131 772 1215 pinguescunttintro
786 1131 954 1208 medullae,
1065 1203 1066 1230 1

146 1223 349 1300 Hinecruor,
366 1225 437 1286 hinc
448 1225 577 1299 humor,
592 1224 736 1298 solidatur
747 1224 905 1310 musculus
917 1227 1033 1302 omnis,
1065 1231 1066 1234 ’

146 1315 188 1377 Et
200 1335 271 1378 caro
284 1315 560 1398 plasmatur-Quid
572 1329 690 1379 sauctus
700 1318 822 1400 spiritus
836 1317 906 1382 illic

145 1407 265 1492 Egerit,
279 1410 344 1491 ipse
355 1424 464 1492 potens
480 1411 582 1487 novit,
601 1411 653 1490 qui
667 1424 772 1473 cuncta
786 1412 923 1486 creavit;

97 1513 100 1518 “
148 1499 290 1581 Qualiter
300 1522 371 1564 anre
383 1503 486 1578 Deus,
499 1503 594 1564 verbo
606 1504 717 1566 fetante
729 1505 859 1581 marito,

118 1668 124 1675 Ι
146 1594 309 1678 Virgineus
321 1596 445 1657 intrasse
460 1596 543 1658 sinus
555 1596 710 1680 dignatur,
723 1611 754 1659 et
764 1597 890 1673 alvum,

146 1685 328 1770 Terrarum,
342 1688 469 1768 caelique
482 1709 594 1770 capax,
608 1701 696 1770 atque
707 1691 784 1772 ignis
796 1691 926 1768 anheli,

148 1780 257 1856 Aeris,
272 1791 303 1840 et
314 1779 430 1864 pelagi,
442 1777 496 1844 sed
509 1802 571 1844 non
585 1783 747 1866 capiendus
761 1785 940 1864 abjsdem,
1003 1844 1010 1852 .

149 1870 288 1936 Claustra
299 1876 454 1956 puerperii
462 1895 564 1958 passus
577 1877 632 1938 sub
645 1877 710 1959 lege
725 1877 870 1952 creandi,

146 1963 208 2028 Vel
222 1988 405 2049 quaecunque
419 1969 497 2030 subit
508 1969 618 2030 diversi
629 1969 778 2051 temporis
786 1981 870 2030 aetas.

192 2058 269 2120 llaec
280 2059 391 2144 fragilis
404 2073 509 2123 natura
519 2053 620 2144 jacens
632 2061 765 2122 humana
776 2073 919 2123 meretur

149 2150 199 2211 De
213 2151 323 2233 pietate
336 2174 407 2232 sua,
423 2175 481 2234 qua
493 2175 555 2216 non
565 2154 630 2216 vult
640 2156 767 2237 perdere
781 2157 954 2232 mundum,

151 2241 256 2321 Quem
268 2246 356 2322 fecit,
370 2249 523 2328 sanxitque
532 2268 636 2332 regens
649 2268 706 2329 per
716 2247 794 2310 secla
807 2268 947 2310 manere.

147 2331 231 2417 Ergo
241 2339 293 2404 ubi
307 2359 471 2421 corporeos
481 2352 562 2403 artus
573 2341 767 2416 dominator,
783 2353 813 2403 et
824 2355 934 2404 auctor

149 2425 266 2503 Induit,
281 2430 360 2490 haud
373 2433 482 2494 coelum
495 2430 580 2494 Patri
593 2434 705 2494 servire
719 2433 852 2514 reliquit.

149 2517 234 2589 Narn
249 2521 418 2601 quicunque
432 2527 524 2606 sapit,
540 2526 640 2601 norit,
656 2527 725 2606 qnia
739 2527 782 2588 sic
794 2527 864 2587 tulit
876 2523 979 2602 artus,¹
996 2541 1006 2550 ·

153 2613 195 2674 Et
207 2615 263 2676 fuit
276 2615 421 2691 interris,
436 2631 468 2678 ut
479 2639 517 2679 ne
529 2619 647 2682 eoeleste
658 2619 790 2681 tribunal

149 2707 317 2790 Linqueret
329 2710 524 2794 omnipotens
535 2732 705 2793 :nunquam
716 2713 782 2774 sine
792 2710 884 2773 Patre
895 2713 1030 2794 probatus

150 2803 268 2880 Filius,
281 2818 310 2866 et
321 2806 439 2890 genitor
452 2827 606 2887 nunquam
620 2807 684 2868 sine
698 2807 826 2890 pignore
840 2807 956 2882 dictus,

151 2891 283 2975 Spiritus
294 2897 479 2976 immensus,
493 2913 630 2976 sanetus,
648 2901 766 2974 bonus,
782 2899 914 2976 arbiter,
929 2901 1026 2970 index,
1065 2947 1066 2982 3

151 2984 272 3052 'l'ertius
284 3011 360 3052 unus
371 2994 469 3071 idem,
484 2993 618 3075 primus,
631 2993 809 3073 mediusque
823 2994 978 3074 perennis.

152 3079 207 3142 Ast
220 3079 271 3143 ubi
282 3094 436 3146 terrenum
447 3085 573 3170 sumpsit
586 3107 656 3150 cum
670 3105 801 3170 corpore
812 3088 933 3170 pondus
