2106 3846
18 335 62 374 r.
81 331 153 394 107.
240 301 509 376 POEMATUM
541 323 624 376 ΜΒ.
652 324 709 378 Vh
861 339 921 402 ²⁰7

22 415 271 494 inflammatque
282 416 350 496 pios
361 417 398 475 ad
409 415 498 476 fortia
509 415 585 478 facte
598 415 725 478 furores.

23 509 127 588 Quid
138 521 190 568 tua
202 529 283 569 nunc
295 521 430 589 repetam
441 553 450 585 ,
463 520 566 568 tenero
577 531 642 590 quae
653 509 762 588 fortier
772 534 835 576 aevo
848 559 858 592 ,

23 601 121 662 Ante
132 620 227 662 annos
239 600 433 680 animumque
442 621 563 684 gerens,
576 606 836 684 responsasdedisti
848 611 861 672 ,Ρ

23 693 117 754 Non
126 694 188 754 haec
198 713 290 774 parra
301 707 384 754 tuam
396 695 524 775 suscepit
536 695 644 778 pagina
656 695 784 760 laudern.

26 783 143 846 Exitus
155 786 281 868 impleto
293 787 393 850 reniet
402 808 471 850 cum
485 799 622 868 tempore
633 789 747 866 vietor,

27 877 119 938 Laus
131 878 238 939 melius
249 881 383 956 canitur,
397 901 465 942 cum
476 882 535 960 jam
546 882 692 942 clamante
704 871 877 967 triumpho,

30 969 257 1034 Consummeta
265 973 324 1034 tuis
334 975 493 1034 reddentur
504 975 628 1053 praemia
641 973 733 1062 iactie.

27 1061 131 1126 Nunc
141 1067 225 1126 decet
238 1067 379 1126 attonitos
392 1079 517 1128 cantate
530 1087 602 1129 vnce
617 1087 764 1144 monere,

33 1154 189 1217 Sollicitas
197 1171 300 1219 tecum
311 1158 416 1239 partiri
429 1179 464 1220 ae
474 1159 594 1230 volvere
607 1177 711 1233 curas,

30 1247 138 1328 Atque
148 1253 248 1329 jurare
260 1264 329 1310 tuos
340 1251 488 1312 hortantia
501 1251 580 1312 dicta
589 1250 726 1326 labores,

26 1341 123 1401 Dum
134 1339 246 1422 pugnat
257 1343 355 1404 varius
366 1364 422 1424 per
434 1344 539 1406 crebra
551 1342 683 1424 pericula
695 1347 795 1420 casus,

27 1431 168 1496 Lubrica
179 1437 251 1496 dum
262 1436 359 1518 fragili
373 1436 464 1497 currit
473 1436 528 1496 sub
541 1435 660 1497 tramite
674 1438 753 1514 vita,

26 1526 120 1587 Dum
134 1540 185 1588 tua
197 1529 324 1590 calcatus
337 1541 435 1610 captat
445 1529 566 1612 vestigia
578 1548 720 1610 serpeus,

30 1618 209 1680 Asoentens
222 1622 324 1681 dextro
338 1641 429 1698 quem
443 1632 576 1682 conterat
585 1640 689 1704 aggere
703 1622 813 1704 planta.

29 1710 92 1772 Nil
103 1733 169 1772 non
180 1713 328 1789 intentum
341 1713 500 1793 praesentia
512 1714 612 1775 secula
624 1715 755 1793 ducunt,
798 1745 801 1750 ·

31 1803 104 1866 Nec
113 1825 217 1866 secura
227 1807 312 1866 datur
324 1805 442 1884 requies
452 1805 484 1865 iu
498 1825 587 1868 carne
601 1808 719 1868 caduca.

30 1895 201 1962 Vertuntur
212 1918 284 1958 nam
296 1918 374 1979 saepe
388 1897 479 1975 boni,
494 1899 575 1978 perit
587 1898 693 1960 obruta
705 1899 817 1977 virtus,

32 1983 181 2070 Partaque
191 2003 345 2052 transactae
356 1991 501 2052 decedunt
514 1993 641 2072 praemia
651 1991 765 2051 laudis:

34 2083 84 2144 Ac
91 2083 268 2163 plerumque
281 2083 376 2157 solet,
390 2082 488 2143 subito
501 2103 641 2144 succensa
654 2082 774 2158 calore,

34 2173 159 2257 Frigida
168 2198 233 2256 quae
245 2196 343 2255 nuper
355 2175 470 2250 fuerat,
484 2195 571 2235 mens
582 2173 718 2254 linquere
730 2177 896 2256 mundum,

35 2266 136 2346 Atque
146 2269 303 2348 repentino
317 2269 495 2348 restringere
509 2267 637 2328 erimina
649 2257 748 2346 freno.

40 2356 92 2420 Sic
101 2360 295 2422 alternantem
307 2371 492 2424 commutant
503 2358 562 2419 sata
575 2373 724 2436 rotatum,

38 2449 154 2534 Impius
162 2467 195 2514 ut
205 2466 305 2534 speret
318 2453 455 2527 veniam,
469 2454 619 2532 justusque
629 2439 765 2534 tiniendn

38 2540 218 2620 proficiens,
233 2545 385 2610 cumulum
399 2544 514 2625 magnis
524 2544 681 2608 virtutibus
694 2549 790 2628 addat.

38 2635 69 2695 N
73 2657 119 2698 am
128 2639 260 2700 studium
272 2638 365 2699 sancti
378 2636 454 2697 laxet
464 2636 490 2697 si
499 2636 577 2698 forte
590 2638 721 2714 laboris,

38 2726 182 2812 Pigraque
195 2743 349 2793 consuetas
362 2729 521 2792 dissolvant
535 2721 597 2790 otia
608 2751 710 2806 curas,

37 2817 159 2884 Labitur
171 2823 204 2884 in
217 2827 351 2906 praeceps
362 2823 512 2885 damnoaae
522 2821 618 2904 gloria
629 2823 714 2888 vitae.¹

37 2912 119 2976 Stare
133 2917 240 2997 nequit
252 2917 412 2992 meritum,
426 2917 451 2976 si
464 2935 526 2976 non
540 2915 666 2995 acquirit
679 2918 796 2996 eunde,

36 3005 154 3070 Amittit
164 3009 285 3070 rediens
297 3032 304 3070 ε
317 3009 474 3070 nitendum
487 3021 530 3069 est
540 3009 653 3071 viribus
663 3008 790 3090 amplis,

41 3097 77 3162 Ut
88 3103 158 3168 satis
169 3116 324 3187 angustum
339 3103 499 3171 observent
510 3102 631 3186 vestigia
644 3101 759 3168 callem.
861 3183 864 3190 Ι
956 3095 962 3104 ’
