2126 3848
145 309 202 374 282
406 311 767 368 oenosettttt

183 414 225 476 Et
237 411 375 474 mandata
389 410 451 471 Dei
464 409 598 490 complet
607 427 713 469 amans
726 404 881 480 homines,

144 509 285 588 Quorum
296 507 479 588 ignoscentes
492 501 607 585 culpis,
621 522 673 562 sua
687 501 816 588 erimina
830 499 968 574 solvunt,

131 602 137 615 '
185 598 338 679 Quodque
351 598 415 658 aliis
427 596 578 672 tribuunt,
592 595 650 657 hoe
662 594 720 656 sibi
733 593 936 676 prospiciunt.

144 692 207 755 Det
220 691 371 774 peccatori
385 690 504 752 veniam
518 702 677 770 peccator,
691 700 722 748 et
731 706 817 766 aequa
835 755 838 762 ι

189 782 341 848 Coneiliet
353 784 525 846 Dominum
537 783 709 844 conditione
722 780 798 852 sibi3

146 877 240 961 Cujus
251 878 396 960 judicium
409 878 447 938 de
460 889 564 938 nostro
577 877 712 938 examine
726 874 856 956 pendet,

188 970 282 1051 Quod
295 971 442 1047 serimus,
456 971 618 1045 metimus,
633 970 706 1050 quid
718 970 843 1045 damus,
858 965 1022 1048 accipimus.

146 1156 177 1219 N
181 1179 220 1219 on
233 1158 301 1220 ideo
315 1157 477 1238 quidquam
491 1062 733 1230 miniaiiiltem
747 1173 806 1233 quo
819 1152 881 1214 sibi
897 1152 1006 1233 prosit,

1045 3173 1046 3232 l

190 1251 221 1310 N
225 1272 259 1313 ec
272 1252 349 1313 servi
363 1251 467 1313 officio
478 1271 564 1312 verus
578 1262 643 1331 eget
654 1247 828 1320 Dominus,

149 1341 243 1426 Cujus
255 1344 413 1426 preceptis
425 1357 566 1427 augetur,
581 1342 633 1422 qui
646 1340 827 1414 famulatur,

189 1436 298 1517 Fitque
312 1439 414 1499 minor
424 1438 556 1518 quisquis
570 1435 690 1519 negligit
701 1435 878 1517 imperium.

148 1528 232 1590 Nam
240 1529 326 1590 Deus
335 1532 539 1612 omnipotens,
549 1531 638 1592 simul
647 1530 902 1608 omnitenensque
912 1536 1030 1611 potestas

114 1707 117 1712 Ι
192 1621 247 1682 Nil
261 1624 360 1704 perdit
373 1626 552 1705 proprium,
565 1626 610 1686 nil
620 1625 700 1711 capit
712 1623 884 1692 occiduum.

150 1715 315 1796 Nunquam
324 1737 385 1777 non
395 1718 514 1791 habuit,
525 1713 720 1792 quod‘hahet,
730 1713 803 1774 dans
811 1714 923 1774 omnia
930 1712 1028 1775 haberi.

191 1806 349 1885 Proderit,
364 1823 393 1871 et
406 1828 527 1872 sumens
538 1827 601 1866 non
613 1807 693 1882 nisi,
709 1807 789 1886 quod
805 1807 939 1868 dederit.

476 1961 477 1964 ,
516 1898 604 1961 XLl
614 1899 663 1963 lt.

149 1993 308 2056 insolitum
319 1995 344 2057 si
357 1994 429 2074 quid
442 1994 572 2056 labentia
583 2006 723 2074 tempora
735 2008 883 2075 promunt

191 2086 263 2150 Hoc
273 2089 386 2149 mirum
399 2089 528 2161 mundus
541 2087 613 2149 dicit
623 2131 632 2162 ,
644 2089 794 2167 habetque
807 2108 929 2150 novum
943 2133 953 2167 ,

152 2179 214 2241 Sed
225 2201 327 2240 rerum
339 2182 453 2242 auctori
464 2181 564 2243 nullus
577 2201 639 2242 non
652 2182 786 2264 cognitus
801 2183 901 2259 ordo,

194 2271 340 2342 Cernenti
351 2275 496 2354 quidquid
509 2275 608 2337 secula
619 2288 726 2338 cuneta
736 2275 854 2351 lerunt,

153 2365 231 2444 Quae
244 2384 307 2424 non
320 2366 434 2425 incerto
447 2369 570 2429 volvunt
580 2387 688 2452 magna
698 2369 816 2452 agmina
830 2381 939 2446 motu,

195 2455 256 2517 Sed
267 2458 321 2519 sub
331 2458 443 2539 judicio
456 2474 608 2542 stantque,
623 2461 777 2542 lluuntque
792 2461 865 2523 Dei.

84 2607 88 2614 .
153 2548 199 2612 Ut
210 2550 285 2610 nihil
299 2549 400 2612 existat
411 2565 523 2614 naturae
536 2557 716 2639 inpartibus
730 2555 815 2633 ullis,

197 2643 291 2725 Quod
304 2639 366 2706 non
378 2644 429 2708 ille
442 2665 495 2708 suo
509 2659 658 2730 temperet
671 2649 806 2711 arbitrio.

524 2739 665 2804 XLIV.

156 2828 219 2891 Lex
230 2845 339 2892 aeterna
351 2834 414 2893 Dei
427 2833 525 2896 stabili
537 2836 612 2919 regit
625 2835 732 2916 omnia.
740 2846 832 2910 nutu,

198 2922 229 2982 N
233 2944 267 2984 ee
279 2937 373 2984 mutat
385 2929 468 2989 vario
481 2941 619 3010 tempore
633 2927 802 2990 consilium.

159 3011 263 3095 thue
278 3016 352 3082 locis
362 3013 493 3099 praesens
505 3023 594 3082 simul
604 3036 649 3083 est
664 3021 749 3084 Deus
759 3012 903 3082 omnibus
916 3040 1004 3090 nnus,

200 3105 252 3169 Sic
263 3130 363 3170 rerum
377 3125 471 3173 metas
480 3134 581 3176 secum
594 3117 699 3191 habet,
714 3129 743 3180 et
755 3133 910 3176 numeros.
