2106 3846
5 237 126 313 ιζοὸ.
233 249 504 314 POEMATUM
537 252 617 306 Lttt.
651 255 706 309 Vl.
856 268 914 332 ²¹7

9 343 212 428 Exposuere
223 345 282 406 suis
296 345 437 430 mysteria
451 345 539 428 digua
552 346 683 426 libellis,

8 439 87 524 llaec
103 454 139 500 tu
156 453 271 501 cuncta
283 451 387 514 tenens
400 439 503 498 animo
516 440 634 502 sitiente
646 443 758 505 bibisti.

8 535 120 598 Nessi
134 535 221 616 quid
233 554 349 622 sacrem
364 533 458 593 nostri
470 535 605 604 cecinere
619 550 716 618 poetae
756 605 760 612 ⁴

7 629 55 690 Te
68 629 150 690 latet
187 630 363 712 agnostique
377 628 496 710 legens,
511 642 541 689 et
554 628 675 691 condita
686 651 784 694 serras
799 677 808 708 ,

9 724 116 802 Atque
131 723 242 796 aliena
254 736 306 782 tuo
320 724 514 798 commendans
528 725 660 785 carmina
673 737 770 788 cantu.

11 818 103 898 Quid
119 831 228 878 toturn
243 815 410 896 replicem?
423 829 454 876 tu
466 817 601 878 sensibus
620 831 704 881 utere
717 817 828 891 doctis,

12 909 55 970 Et
67 934 139 990 qnae
153 923 234 970 nota
247 909 319 984 tibi,
333 911 379 970 vel
390 933 455 988 quae
471 930 612 990 percursa
623 913 767 998 legendo,
812 960 816 966 .

16 1005 65 1064 Ad
78 1005 209 1066 virtutis
221 1025 298 1084 opus
309 1004 407 1064 studio
417 1019 558 1066 converte
569 1006 659 1067 virili.

17 1097 104 1157 Nam
115 1098 180 1181 nisi
197 1098 342 1157 doctrinae
353 1099 490 1180 jungatur
503 1099 562 1160 vita
571 1101 687 1177 fidelis,

20 1192 157 1274 Agnusci
171 1192 293 1273 gravius
306 1209 367 1248 non
382 1190 565 1252 observanda
579 1193 710 1254 nocebit.

61 1283 188 1344 Esuriit
202 1297 358 1364 postquam
371 1285 531 1361 dominus,
546 1306 616 1368 cum
627 1284 706 1346 forte
720 1285 810 1350 vianti

21 1376 233 1459 Conspicitur
244 1377 350 1436 diffusa
364 1376 421 1438 levi
432 1377 559 1438 liculnea
571 1377 698 1454 fronde,

20 1472 51 1532 N
56 1494 92 1534 ec
106 1475 176 1554 jam
193 1482 342 1536 maturum
353 1471 495 1551 praedicta
509 1493 543 1533 cx
555 1471 663 1532 arbore
677 1472 805 1534 fructum

23 1566 171 1648 Carpere
188 1576 307 1644 ternpus
318 1577 395 1636 esau
410 1584 500 1644 qnam
513 1586 584 1626 mox
596 1579 629 1626 ut
639 1565 773 1647 repperit
783 1562 835 1624 ille

25 1659 174 1720 lndutum
191 1670 305 1718 tanturn
319 1657 399 1718 soliis
411 1700 420 1733 ‚
434 1660 485 1720 sed
496 1657 630 1741 germine
645 1660 775 1737 undam,

26 1751 164 1814 Prorsus
179 1752 269 1814 inane
280 1752 378 1812 virens
390 1763 510 1812 ornatus
523 1752 637 1812 inutilis
649 1753 752 1814 horret
765 1775 774 1812 z

30 1845 211 1924 Perculitur
222 1846 319 1908 subito
333 1845 415 1905 radix
426 1843 523 1904 afflata
535 1844 653 1921 calore,

30 1941 124 2001 Arnit
136 1954 170 2001 et
184 1939 284 2020 posito
296 1958 448 1998 ramorum
460 1938 589 2020 tegmine
603 1952 733 2000 truncus.

35 2035 222 2095 lustruimur
234 2031 284 2092 tali
299 2031 395 2114 legem
410 2051 589 2115 cognoscere
602 2032 706 2114 signo,

34 2127 88 2189 Ne
105 2126 223 2204 Christi
235 2124 366 2200 famulo,
378 2124 443 2186 solu
457 2144 597 2184 sermone
611 2123 733 2196 fatenti,

36 2222 180 2284 Numine
194 2220 330 2282 confesso
343 2218 445 2278 virens
461 2215 598 2298 operatio
612 2215 696 2277 desit.

38 2317 125 2378 Nam
137 2315 163 2374 si
181 2310 375 2374 Christicolas
387 2322 508 2372 uosmet
520 2323 694 2391 sanctosque
706 2321 863 2391 putamus,

41 2411 191 2491 Agrarat
203 2408 262 2467 boc
275 2405 382 2480 etium,
397 2404 429 2464 ni
447 2403 564 2482 dictum
572 2405 649 2466 lacta
660 2415 830 2483 sequantur.

42 2501 97 2564 Sic
109 2514 138 2561 et
149 2499 301 2582 virginitas
312 2518 397 2559 sacro
412 2498 518 2559 devota
530 2499 659 2578 pudori,

42 2596 164 2677 lndiget
178 2593 322 2675 adjunctis
332 2591 490 2654 virtutibus
503 2614 511 2651 ε
526 2605 557 2652 ct
566 2592 624 2652 nisi
637 2603 772 2652 mentem
871 2663 873 2671 .

43 2689 194 2750 lntactam
205 2705 324 2746 servans
338 2696 418 2746 custo
431 2706 499 2747 cum
511 2704 641 2765 corpore
653 2685 776 2765 jungat,
796 2737 799 2742 .

44 2779 229 2844 Succumbit
239 2779 336 2854 vitiis,
351 2791 528 2841 neocastam
540 2777 639 2838 dicere
653 2793 775 2836 curnem

43 2877 125 2938 Jnre
139 2887 240 2957 potest
252 2872 390 2949 ,animus
401 2893 491 2953 quam
503 2871 546 2932 sic
559 2868 725 2950 corrumpit
737 2867 859 2930 adulter.

39 2972 117 3048 tra,
129 2969 234 3045 lusor,
249 2987 380 3043 moerur,
395 2967 494 3043 livor,
511 2961 679 3040 discordia,
693 2961 793 3038 luxus,

48 3063 168 3149 Lingua
181 3061 310 3145 duplex,
323 3061 483 3129 constricta
494 3076 618 3135 manus,
630 3055 723 3119 laxata
733 3055 889 3135 voluptas,

672 3229 677 3238 .
763 3168 811 3230 ¹9·
