2142 3858
179 276 241 352 418
446 291 777 351 huncouans
957 299 1051 361 v.255.

177 380 323 460 Exultat,
337 397 367 446 et
377 387 618 460 rariasdccantat
626 391 746 474 'garrula
757 413 869 468 voces,

176 482 258 549 Cum
270 487 440 569 vagabunda
455 485 535 548 volat
547 487 708 548 cornutotis
718 489 872 570 plausibus
881 491 963 571 ales,

172 577 488 644 andibusinsidens
500 592 591 642 vento
604 601 673 644 sum
684 582 791 645 fronde
802 597 967 664 moretur,

170 670 332 758 Ungulbus
345 679 382 738 ad
392 677 594 740 ramosindxa
604 676 758 738 tenacibus
769 676 894 739 baerens.

170 761 374 855 Pennigemm
388 787 510 833 vernare
522 791 628 831 nemus
638 790 733 850 vapor
744 784 828 852 urget
841 770 876 844 in
889 794 962 837 usus

170 861 328 947 Pignoris‚
344 881 373 928 et
386 869 472 929 m'ulli
485 870 644 930 durescunt
657 883 713 926 ora
724 874 831 946 tepore
845 889 854 925 ε

141 1017 143 1024 .
168 953 342 1021 Pennantnr
355 963 522 1023 membrata
535 947 649 1044 globis,
662 959 850 1035 animantur,
864 960 1019 1040 anbelant,

168 1050 382 1136 Rumpuntur‚
398 1057 548 1119 confracta
562 1067 689 1129 sonant,
703 1053 813 1114 nutrita
824 1054 945 1116 volatus

167 1143 316 1223 Teutam,
328 1163 358 1209 et
370 1150 492 1212 rudibus
506 1149 653 1210 librantur
665 1149 696 1206 in
708 1167 779 1208 aera
790 1149 917 1228 pennis.

166 1235 228 1298 Sed
241 1261 309 1302 cum
320 1243 490 1305 dlscordent
502 1243 580 1303 inter
592 1261 623 1302 se
637 1241 788 1302 elementa
801 1255 930 1318 coacta,

162 1329 288 1397 Fetibus
302 1335 414 1399 eductis
425 1337 611 1398 concordant
622 1337 718 1409 nuda,
734 1335 782 1396 rel
795 1334 880 1416 ignis.

164 1421 258 1488 Unda
269 1442 350 1490 creat
359 1431 512 1505 volucres,
525 1430 666 1513 producit
678 1429 801 1490 flamma
810 1428 960 1493 volucres.

163 1516 277 1581 Pabula
290 1525 402 1585 montis
415 1537 517 1594 erant,
531 1525 656 1584 sednon
668 1523 719 1602 qui
731 1535 867 1604 pasceret
877 1523 1011 1604 herbas,

76 1622 78 1626 ’
162 1608 268 1673 Adfuit
282 1639 289 1675 r
303 1615 419 1679 intactae
429 1619 593 1680 senuissent
605 1617 730 1678 floribus
739 1615 862 1691 herbae,

162 1701 208 1764 Ni
220 1710 367 1787 pascenda
375 1711 462 1773 'daret
473 1711 561 1772 tellus
571 1714 705 1793 iumenta
716 1729 773 1790 per
785 1727 884 1791 agros.

123 1819 126 1824 ·
204 1797 293 1863 Serta
309 1801 371 1865 dies
385 1802 492 1868 Phoebi
506 1805 597 1865 rutilo
609 1814 793 1886 processerat
805 1814 895 1876 ortu,

163 1891 244 1956 Cum
257 1909 360 1957 natura
372 1917 481 1978 pareus
492 1898 585 1982 gignit
598 1895 760 1956 animantia
770 1895 868 1955 terris.

160 1986 315 2050 Comibus
327 2005 488 2072 emmpunt
500 2004 614 2052 armata
625 1992 724 2050 fronte
734 1987 864 2070 juvenci.
955 2007 959 2012 ·

155 2079 197 2142 Et
209 2102 265 2163 per
276 2098 360 2164 prata
371 2105 478 2168 vagum
489 2077 624 2165 seqnitur
635 2102 687 2144 sna
697 2079 806 2143 bucula
817 2091 952 2144 taurum.

159 2170 296 2236 Cervus
287 2199 318 2237 m
332 2197 401 2239 arra
414 2179 499 2288 fugax
509 2177 649 2258 palmatis
660 2171 802 2247 oumib'us
811 2187 915 2250 errat,

24 2267 26 2322 Ῑ
134 2307 138 2328 .
153 2267 195 2329 Et
207 2269 292 2332 velox
302 2270 475 2354 prorumpit
486 2291 596 2351 equus,
610 2289 702 2352 pecus
715 2265 789 2329 utile
799 2266 901 2330 bellis.

142 2361 252 2444 ‘lmpia
263 2363 413 2426 terribiles
426 2357 566 2445 producit
578 2377 657 2426 terra
669 2363 782 2424 leones.

151 2452 337 2536 Simplicitas
349 2457 451 2518 ovium
454 2459 581 2524 fraudes
594 2475 715 2540 passura
727 2455 891 2537 lnporum,

148 2546 191 2611 Et
202 2568 306 2611 raucos
319 2549 420 2610 timuit
430 2551 599 2613 discurrens
611 2553 698 2612 dama
711 2548 870 2610 molossos.

149 2640 277 2724 spumat
289 2662 362 2724 aper
372 2686 382 2719 ‚
393 2656 506 2705 mortes
514 2644 616 2705 lunato
629 2645 720 2705 dente
732 2642 883 2717 minatus,

146 2734 188 2797 Et
198 2735 273 2798 latus
286 2735 443 2816 obliquans
455 2737 617 2798 meditatur
627 2735 853 2818 praeliato'rvus.

146 2827 216 2891 Nec
226 2830 354 2912 massyla
368 2829 462 2905 fames
472 2832 563 2891 duros
573 2831 732 2892 descendat
742 2829 774 2888 in
786 2847 909 2906 umus,

142 2919 205 2982 Aut
217 2938 292 3001 aper
302 2921 378 2983 alter
389 2935 435 2983 eat
445 2923 616 3005 spumantia
623 2921 705 2983 bella
717 2941 850 2984 morere.

144 3011 286 3096 Giguitur
300 3033 391 3075 omne
402 3035 492 3099 genus
503 3016 672 3096 pecudum,
686 3033 778 3098 genus
791 3033 886 3077 omne
899 3017 1066 3082 ferarum

138 3103 222 3180 luter
234 3119 436 3194 prataragum
448 3108 534 3173 nullo
544 3109 732 3191 custodeper
743 3107 859 3170 barbas.
1065 3119 1066 3122 ’
