2106 3846
12 272 130 336 mut».
251 259 587 336 unumunurn
622 287 679 338 1v.
846 274 904 362 267

13 378 170 441 Comeret
182 377 329 452 incertus,
344 376 440 437 sedin
453 379 595 440 unrnibus
606 381 710 440 omnia
721 395 843 462 semper
929 450 948 468 ,-

13 472 158 534 Christus
172 471 239 532 erit.
256 470 349 548 Quod
362 471 385 531 si
396 470 561 551 pulchrum
576 486 606 535 et
616 492 707 555 super
719 475 824 536 omnia
837 497 904 536 mu·
997 496 1001 502 ·

184 585 277 648 gnum
291 575 351 640 est,

13 660 80 724 Cur
95 661 190 741 pudet
202 659 257 719 bac
271 659 362 718 etiam
374 649 461 720 fletus
472 657 504 718 in
517 658 593 721 valle
606 669 747 741 putentes

11 755 88 817 Esse
103 753 192 824 Deo,
208 753 430 831 minimumque
444 753 546 833 operis
561 753 695 815 mortalis
713 755 847 831 babere,

13 849 111 930 Quod
122 867 188 908 non
201 859 246 908 est
257 846 316 907 nisi
329 859 485 928 peecatum
495 867 555 926 quo
566 847 762 910 discrucietur

14 943 154 1002 Libertas
168 964 175 1000 z
189 941 227 1002 ad
241 959 330 1020 quatu
344 941 441 1002 sulam
452 940 531 1002 male
541 954 623 1024 gesta
636 947 813 1007 recurrunt?

15 1037 54 1098 Et
66 1049 170 1096 tamen
182 1037 213 1096 in
227 1047 344 1096 sanutus
356 1035 490 1095 animum
504 1055 573 1096 cum
587 1037 770 1100 intendimus
782 1052 879 1114 actus,

17 1129 99 1192 Cum
111 1129 267 1190 desideriis
281 1129 379 1189 carnis
387 1149 473 1216 mens
485 1142 564 1191 casta
577 1139 723 1214 repugnat
736 1177 745 1204 ,

19 1223 101 1285 Cum
114 1223 252 1284 tentatori
266 1241 329 1280 non
342 1222 497 1297 cedimus,
511 1235 540 1283 et
553 1244 609 1302 per
622 1224 746 1286 acerbas

15 1317 121 1378 Vexati
134 1335 238 1398 poenas
248 1311 341 1374 iiiaeso
354 1315 444 1375 corde
459 1335 631 1392 manemus,

14 1411 168 1472 Libertate
177 1407 293 1492 agimus
305 1430 312 1466 :
326 1407 377 1468 sed
391 1407 529 1468 libertate
542 1409 700 1489 redempta

15 1504 75 1567 Cui
88 1502 173 1565 Deus
186 1514 230 1563 est
243 1514 361 1575 rector,
374 1519 554 1581 summoque
565 1522 601 1563 ex
612 1501 726 1566 lumine
740 1507 862 1581 lumen,

12 1597 104 1672 Vita,
118 1596 218 1672 salus,
232 1595 325 1656 virtus
334 1595 482 1676 sapientie
496 1620 503 1656 ε
521 1594 629 1659 Gratia
643 1597 756 1669 Christi
769 1613 831 1675 est,

15 1693 86 1772 Qua
99 1691 191 1754 currit
202 1733 212 1765 ,
223 1690 350 1773 gaudet,
365 1688 491 1765 tulerat,
508 1704 610 1768 cavet,
627 1692 726 1778 eligit,
740 1695 837 1758 instat.

17 1785 136 1860 Credit,
148 1797 268 1866 sperat,
282 1793 382 1858 emat,
397 1785 575 1861 mundatur,
588 1787 770 1868 justificetur.
840 1803 842 1808 ·

55 1879 89 1939 Si
98 1878 170 1960 quid
183 1878 269 1940 enim
283 1877 357 1958 resti
367 1877 518 1961 gerimus,
533 1877 688 1955 Domine,
702 1882 860 1942 auxiliante

14 1973 59 2034 Te
69 1973 216 2056 gerimus:
232 1985 265 2032 tu
277 1972 371 2042 corda
383 1992 487 2033 mures
503 1991 510 2031 t
526 1984 556 2032 tu
569 1987 639 2034 vute
652 1975 783 2054 petentis

18 2066 95 2146 Quae
106 2068 175 2128 dare
187 2066 232 2128 ris
246 2065 352 2126 tribuis
364 2109 374 2141 ,
385 2085 506 2128 seruans
519 2065 639 2149 largita,
654 2083 820 2146 creansque

16 2159 65 2222 De
76 2161 190 2223 meritis
201 2160 309 2220 merita
324 2203 333 2234 ,
348 2172 377 2220 et
390 2158 546 2222 cumulans
557 2159 697 2220 tuedune
709 2161 839 2223 curonis.

18 2253 90 2315 Non
102 2267 203 2316 autem
216 2253 276 2314 buc
287 2271 390 2314 euram
402 2251 514 2325 minui,
526 2251 718 2332 studiumque
730 2254 840 2315 resolvi

1 2354 3 2357 '
17 2346 188 2424 Virtutum,
203 2359 254 2408 aut
267 2367 342 2427 opus
355 2345 468 2428 ingenii
481 2358 602 2426 torpere
616 2341 782 2428 putandum
795 2361 858 2423 est,

21 2440 115 2522 Quod
124 2443 204 2504 buna
219 2439 400 2504 Sanctorum
413 2452 465 2500 tue
477 2451 563 2515 sunt,
579 2431 767 2523 et'quidquid
778 2445 809 2504 iu
823 2445 882 2504 illis

21 2537 82 2596 Aut
92 2557 215 2611 sanum,
228 2548 277 2598 aut
287 2535 420 2596 validum
433 2547 496 2608 est,
507 2535 544 2596 de
557 2548 586 2596 te
598 2537 695 2620 viget:
708 2551 740 2599 ut
754 2539 888 2601 videatur

18 2629 70 2692 Nil
81 2644 182 2694 actura
196 2629 347 2705 buniiuis,
360 2641 389 2712 te
401 2641 508 2692 cuneta
519 2643 657 2712 gerente,
671 2631 817 2692 voluutas.

14 2724 91 2804 Quae
104 2726 168 2787 sine
181 2738 212 2786 te
223 2725 295 2804 quid
304 2725 363 2806 agit
375 2767 384 2798 ,
395 2722 453 2783 nisi
467 2745 526 2802 quo
534 2724 650 2804 ‘procul
662 2724 759 2785 exulet
771 2739 827 2786 ate
839 2728 851 2785 t

14 2816 190 2902 Praecipites
202 2839 324 2899 semper
334 2815 444 2892 ualles,
460 2831 489 2877 et
497 2818 583 2878 devia
596 2825 680 2878 mutu

14 2913 183 2997 ingressura
196 2933 269 2974 suu:
285 2913 342 2972 nisi
355 2912 483 2987 sessum,
497 2925 529 2970 tu
542 2911 640 2986 bone,
655 2923 684 2971 et
700 2932 810 2994 aegram
852 2975 854 2983 ,

15 3005 180 3091 Suscipias,
196 3007 327 3082 reseras,
340 3007 459 3080 suiuus,
475 3005 602 3078 tuearis,
615 3005 770 3067 honestes.⁴
831 3075 835 3083 ,

14 3097 97 3164 Tune
108 3103 160 3164 fiet
169 3122 273 3165 cursus
286 3100 395 3178 veios,
410 3099 550 3179 oculique
561 3099 714 3174 videntes,
