2198 3844
26 323 60 364 v.
73 302 125 387 47.
250 313 480 372 resrtmrnrt
511 315 693 376 conmmo.
885 333 924 395 77

76 409 143 487 Qui
156 408 254 470 vincis
267 412 434 484 muudum„
448 412 582 474 tndecus
596 433 686 476 omne
698 416 765 477 tuis.

32 499 170 562 Maxime
183 505 264 563 dona
276 503 338 564 Dei
351 505 449 566 cuncti
461 506 596 568 cecinere
610 508 788 590 Prophetae,

78 593 220 675 Implevit
235 593 372 657 Christus
382 599 508 658 maxime
521 601 600 660 done
613 601 684 662 Dei.

36 686 176 750 Pondere
188 690 265 749 dura
275 690 342 750 tulit
355 693 527 769 mandatum
536 692 624 776 tegis,
638 707 668 754 et
679 695 754 756 iram
767 739 778 773 ,

84 781 186 842 Gratia
198 783 333 842 mandati
344 787 479 866 pondere
494 787 566 847 dora
578 787 654 849 tulit.

48 873 132 958 Virgo
147 876 249 938 Maria
262 877 358 952 nitet,
373 879 456 938 nulio
469 893 634 942 temerante
646 883 782 963 pudore,

84 967 150 1029 Post
163 983 289 1050 partum
297 971 382 1049 pueri
394 971 477 1054 virgo
493 971 592 1034 Maria
603 975 686 1036 nitet.

37 1060 139 1124 Filius.
152 1059 346 1125 hichominis
357 1065 389 1122 ht
402 1066 530 1128 maxima
543 1067 667 1146 quaestio
680 1067 806 1146 mundi,

81 1155 251 1218 Nobiscum
260 1155 347 1216 Deus
357 1170 400 1218 est
412 1157 490 1218 fitius
503 1159 553 1220 hic
565 1160 707 1221 hominis.

41 1247 154 1310 Gaudia
168 1270 275 1332 magna
288 1248 349 1310 Dei
364 1254 490 1312 mondus
505 1252 658 1332 percepit,
674 1266 702 1314 et
717 1253 830 1329 ambit,
857 1270 865 1314 J

82 1341 273 1424 Respuitheu
285 1343 297 1404 i
306 1346 432 1404 mundus
446 1345 553 1426 gaudia
567 1363 672 1426 magne
686 1343 757 1406 Dei.

40 1433 127 1518 Signa
139 1449 263 1498 mouent
274 1437 425 1516 populos,
436 1450 563 1526 cernent·
574 1438 720 1520 magnalia
733 1438 824 1516 cneci,

81 1528 169 1590 Nolle
182 1541 284 1590 tamen
294 1531 384 1589 duros
397 1532 482 1612 signa·
492 1545 615 1594 movent
628 1531 766 1613 populos.

40 1621 150 1703 Aspero
164 1643 246 1682 mors
259 1623 378 1703 populis
390 1623 470 1705 ligno
485 1625 608 1686 deducta
623 1626 769 1701 cucurrit,

80 1716 307 1798 husertnrligno
319 1737 423 1796 aspera
437 1737 518 1776 mors
531 1705 660 1798 populis.

39 1807 104 1889 lpse
115 1809 182 1874 tulit
197 1807 349 1868 Dominus
359 1829 415 1889 pro
429 1812 526 1889 poenis
541 1829 665 1870 munere
678 1809 791 1888 servis,

81 1899 138 1963 Pro
151 1901 243 1962 serris
256 1921 357 1980 poenas
368 1902 432 1982 ipse
445 1903 512 1964 tulit
524 1901 687 1964 Dominus.

36 1991 109 2056 viu
118 1995 204 2056 beate
216 2014 326 2058 necem
336 1995 453 2058 miseris
466 2007 599 2059 euertere
612 1997 712 2072 venit,

78 2085 202 2150 Pertulit
212 2107 232 2146 ε
243 2087 359 2148 miseris
371 2088 433 2150 vito.
441 2089 657 2152 heatoneccrn.

42 2177 150 2242 Lumen
162 2182 263 2240 adesse
275 2180 355 2255 Dei,
370 2183 515 2261 persensit
526 2193 652 2244 tartarus
667 2179 789 2262 ingens,

78 2273 142 2335 Nec
153 2285 278 2334 cernunt
288 2273 444 2349 homines,
459 2275 567 2339 iumen
576 2275 676 2349 adesse
690 2271 760 2332 Dei.

42 2361 120 2427 hlors
131 2367 194 2426 sero
206 2387 263 2446 per
271 2366 427 2432 hominem
434 2363 909 2439 miserumsihi.subdiditorhem,

77 2457 199 2522 Subdita
212 2460 393 2522 contremuit
406 2481 489 2520 mors
507 2461 570 2520 fere
582 2479 638 2540 per
650 2458 816 2520 hominem.
832 2523 843 2532 ,
874 2515 878 2518 ,

47 2548 160 2616 suscitat
170 2573 240 2616 ecce
250 2572 343 2634 genus
356 2555 447 2613 morti
461 2566 546 2634 peter
558 2553 609 2614 itte
621 2553 781 2633 profanus,

76 2647 120 2707 tt
140 2647 233 2707 ritem
247 2643 384 2707 Christus
396 2647 515 2708 suscitat
524 2667 592 2708 ecce
605 2666 706 2728 genus.

45 2733 93 2802 Hic
104 2737 233 2822 populus
245 2737 417 2800 Dominum
427 2741 501 2801 dura
514 2739 628 2804 cervice
641 2737 774 2819 negavit,

76 2831 209 2915 Suscepit
218 2831 336 2913 primus
346 2833 396 2894 hic
410 2831 538 2913 populus
550 2830 732 2896 Dominum.

43 2921 178 3010 Sanguine
189 2927 256 2991 heta
268 2926 343 2988 redit
356 2926 422 3002 fuso
434 2943 505 3009 gens
516 2924 610 3004 impie
624 2921 756 2999 Christi,

74 3020 201 3082 Gustato.
215 3019 327 3081 Christi
339 3019 481 3102 sanguine
492 3018 557 3078 laeta
570 3018 657 3080 redit.

44 3105 638 3180 Criminecunctesuisterrenmcontuiit
652 3122 774 3186 auctor,
872 3145 879 3152 -
