2106 3846
9 309 112 371 mss.
255 317 588 376 nannenus.
619 327 661 380 ιι.
830 311 889 396 ²49

9 416 85 476 Dum
99 413 215 494 cuique
227 414 266 473 ad
277 434 353 474 verce
366 416 512 496 capienda
526 419 645 478 exordia
660 418 729 488 vitae

9 509 156 570 Naturam
170 505 314 569 ellectum
327 509 397 571 fidei
410 493 548 572 conlerre
560 513 691 600 docetis:
713 533 715 542 ¹

9 603 151 683 Dumque
166 601 250 663 aliud
261 622 323 662 nou
346 616 388 665 est
401 605 557 667 vobiscum
571 605 696 680 Gratia,
712 624 802 684 quam
815 604 889 678 Leir,

9 697 173 778 Quamque
183 692 894 779 Prophetamoneus,etquamdoctrinamiuistri.

9 791 131 856 Scilicet
144 804 180 852 ut
192 789 251 850 tale
265 791 422 850 arbitrium
434 794 613 877 generaliter
626 794 695 854 insit

9 885 131 947 Semine
143 887 291 945 damnato
301 885 409 964 genitis
423 886 454 946 in
469 907 597 969 corpore
609 888 734 964 mortis,
782 877 784 882 ⁵

13 978 108 1057 Quale
120 977 233 1039 babuit
244 979 378 1038 nondum
392 981 506 1059 peccati
520 981 583 1064 lege
596 983 732 1044 subactus
757 1011 760 1021 ·

13 1070 129 1134 Primus
141 1074 243 1135 bomo
255 1095 263 1133 ι
275 1084 303 1133 et
315 1072 431 1134 nullum
442 1073 473 1134 in
484 1075 602 1156 prolem
613 1077 649 1136 de
659 1074 781 1134 vulnere
794 1071 900 1134 vulnus

15 1165 202 1242 Transierit‚
216 1167 273 1227 nisi
289 1187 468 1248 corpoream
482 1188 537 1248 per
549 1168 777 1243 conditionem,

18 1259 94 1339 Quae
104 1263 147 1322 sic
161 1260 292 1320 exterius
305 1262 501 1339 respondeat,
512 1270 548 1317 ut
561 1260 636 1318 nihil
651 1261 729 1318 intus

14 1353 200 1428 lmmiuuat‚
213 1365 371 1431 teneatque
384 1373 469 1412 snum
483 1351 646 1411 substantia
659 1349 768 1411 mentis

17 1447 225 1531 splendorem
237 1491 247 1522 ,
259 1459 289 1508 et
299 1445 382 1506 nulla
395 1444 505 1526 poenali
517 1457 606 1506 nocte
618 1455 781 1530 prematur.

53 1543 169 1604 Addite
185 1542 266 1621 quod
278 1549 412 1620 superest
425 1538 553 1614 tumidi,
567 1539 739 1619 ruituraque
751 1537 821 1600 vani
855 1589 858 1600 r

19 1635 215 1721 Congerite‚
229 1646 259 1695 et
271 1634 365 1696 causis
374 1652 476 1694 causas
487 1645 584 1713 aptate
598 1647 763 1716 sequentes.
783 1641 786 1651 ⁴

19 1729 57 1788 Et
71 1731 144 1810 quia
157 1727 206 1790 nil
219 1728 326 1809 prime
347 1726 439 1806 periit
449 1726 565 1788 virtutis
574 1730 654 1809 a'pud
667 1749 736 1798 vos;

19 1823 119 1886 Dicite
132 1824 176 1884 ab
191 1820 289 1881 illaesis
302 1818 410 1882 animis
423 1819 588 1901 procedere
602 1841 704 1882 veram

19 1916 198 1990 lusoriam,
213 1932 305 1996 regno
319 1913 439 1998 dignam
449 1956 458 1988 ‚
470 1913 780 1993 coeloquelocandam
795 1933 805 1987 ‚·
845 1943 847 1948 v
883 1909 886 1916 “

23 2008 69 2070 Ut
80 2009 192 2071 lrostra
207 2005 343 2070 Christus
354 2008 395 2068 sit
405 2020 549 2093 mqotuus.
564 2005 654 2068 Edite
667 2006 780 2068 multos

25 2102 99 2163 Arte
112 2117 141 2165 et
153 2114 264 2183 sponte
278 2106 330 2162 sua
345 2098 471 2182 Sanctos,
485 2101 522 2162 ab
537 2099 653 2178 origine
663 2098 771 2156 mundi

23 2195 146 2277 Absque
163 2195 235 2256 Deo
242 2195 389 2276 placuisse
404 2195 492 2254 Deo:
508 2188 686 2270 decretaque
699 2187 788 2272 Legis
826 2219 831 2224 ’
896 2241 897 2248 ,

23 2287 205 2361 Teucriam,
219 2305 288 2346 com
302 2285 389 2365 pejor
398 2303 466 2344 mos
478 2295 508 2344 et
521 2283 693 2365 corruptior
705 2296 775 2344 aetas
848 2287 850 2292 '

26 2379 160 2441 Terrore
176 2377 296 2440 instanti
309 2390 338 2438 et
352 2377 515 2440 formidine
529 2377 635 2438 mortis
647 2391 756 2462 egeret.

27 2471 132 2533 Dicite
143 2471 309 2553 plectentes
322 2471 423 2552 apices
436 2471 602 2550 mortisque
613 2473 769 2538 ministros

29 2565 102 2628 Hoc
111 2564 245 2647 explesse
260 2565 363 2646 operis
374 2567 457 2645 quod
468 2564 574 2626 Gratia
585 2566 768 2628 vivificatrix.

67 2657 166 2720 Nunc
176 2659 268 2742 agite,
281 2671 310 2719 et
320 2657 464 2737 quoniam
474 2658 635 2720 sueritsiue
649 2657 729 2740 Lege
741 2657 878 2720 voluntas
891 2661 895 2666 ’

25 2751 143 2814 Libera
158 2795 167 2825 ‚
184 2773 273 2831 quam
287 2752 391 2832 scripti
405 2752 542 2813 munibat
555 2751 662 2834 pagiua
674 2751 800 2812 cordis&

28 2843 84 2906 Sic
97 2845 195 2906 vitam
205 2857 349 2908 aeternam
360 2845 474 2925 acquiri
487 2844 635 2927 potuisse,
649 2852 772 2908 vacante

28 2937 102 3001 Hac
113 2959 177 3022 ope
188 2960 254 3020 quae
268 2937 381 3024 Legem
394 2937 634 3020 surpereminet,
652 2951 683 3003 ut
695 2938 760 3001 sine
775 2936 856 3025 Lege

29 3027 77 3091 Ex
89 3031 222 3092 naturali
234 3033 332 3113 potuit
347 3033 455 3094 virtute
468 3032 592 3114 capessi.

32 3121 133 3188 Nunc
146 3137 250 3189 autem
258 3127 364 3190 studiis
372 3126 562 3211 vergentibus
575 3127 607 3190 in
620 3125 700 3192 mala
708 3127 813 3201 multa.

780 3241 818 3280 22
