2102 3846
190 367 249 430 130
418 374 822 427 Auc.uu.nv1r1
950 359 1022 442 uoq.

188 469 330 533 Pervolat
341 469 378 530 ad
391 469 502 532 lucum.
512 467 596 529 Nam
610 469 688 529 torte
702 461 838 530 rubentia
848 465 907 528 laeti

189 563 363 644 Carpebant
371 565 492 645 juve-nes
505 563 593 622 viridi
607 564 644 622 de
654 557 779 642 'palmite
792 562 879 622 mala.

188 657 270 717 'l'um
283 658 393 718 veritus
404 675 527 736 serpens
540 699 549 730 ,
564 655 650 714 firma
664 677 703 715 ne
717 651 816 718 mente
830 655 909 716 virili

188 749 262 812 Nou
276 763 364 830 queat
378 751 488 832 injecto
500 748 670 809 subvertere
683 750 773 811 corda
787 743 924 822 veneno,

185 845 316 905 Arboris
329 856 434 904 erectae
447 843 535 924 spiris
547 843 732 922 reptantibus
745 841 805 902 ulto

189 936 373 1019 Porrigitur,
387 949 574 1014 tractumque
586 929 677 995 suum
685 931 864 997 sublimibus
876 956 1001 1015 aequans,

189 1030 335 1092 Auditum
347 1029 467 1090 facilem
479 1029 539 1089 leni
553 1029 596 1090 sic
608 1049 680 1090 voce
693 1029 860 1089 momordit
873 1051 880 1088 :

192 1119 223 1182 0
238 1124 328 1198 felix,
340 1123 505 1200 mundique
519 1123 608 1182 decus
621 1121 823 1203 pulcherrima
835 1123 938 1206 virgo,

191 1212 292 1278 Ornat
305 1205 395 1294 quam
406 1235 493 1277 roseo
507 1215 683 1298 praefulgens
696 1209 794 1274 [orma
807 1218 946 1296 pudore,

191 1307 240 1369 'l'u'
252 1308 355 1390 generi
372 1319 495 1366 ventura
506 1328 633 1385 parens,
649 1321 678 1367 te
690 1303 835 1368 maximus
848 1310 930 1378 orbis

110 1401 112 1406 ’
190 1400 350 1482 Exspectat
363 1411 491 1458 matrem
505 1422 511 1456 ε
528 1410 559 1457 ιιι
573 1398 672 1478 prima
683 1411 713 1457 et
726 1395 806 1458 certa
817 1403 954 1481 voluptas

191 1493 394 1569 Solamenque
406 1491 464 1553 viri
478 1535 486 1564 ,
500 1492 563 1550 siue
577 1511 634 1568 qua
648 1510 710 1551 non
724 1485 837 1552 viveret
849 1495 938 1574 ipse,

190 1585 237 1645 Ut
251 1587 365 1666 major,
380 1583 422 1646 sic
435 1586 500 1664 jure
514 1597 564 1644 tuo
577 1583 727 1666 subjectus
737 1587 835 1645 amori

190 1677 354 1740 Praedulcis
366 1679 512 1758 conjunx,
526 1679 632 1737 reddes
645 1677 692 1738 cui
704 1678 815 1738 foedere
829 1681 957 1760 prolem.

75 1811 88 1818 -
191 1771 292 1832 Vobis
301 1771 388 1854 digna
401 1772 488 1858 datur
499 1771 630 1851 paradisi
643 1771 675 1830 in
686 1773 796 1832 vertice
808 1765 911 1848 sedes,

191 1864 259 1925 Vos
271 1866 402 1946 subjecta
414 1865 516 1924 tremit
526 1863 673 1924 famulans
684 1859 846 1924 substantia
858 1867 961 1927 muudi
973 1889 979 1923 ι

195 1957 291 2039 Quod
302 1957 428 2032 coelum,
443 1956 523 2037 quod
537 1968 616 2016 terra
626 1969 722 2033 creat,
741 1959 822 2038 quod
833 1961 949 2042 gurgite
965 1967 1030 2035 magd

195 2051 341 2113 Producit
351 2049 489 2134 pelagus,
503 2061 615 2112 vestros
627 2049 779 2112 confertur
789 2053 820 2111 in
835 2073 913 2112 usus.

194 2143 250 2205 Nil
260 2157 366 2205 natura
379 2157 480 2224 negat,
496 2145 580 2200 datur
592 2137 662 2206 ecce
675 2145 823 2206 incuncta
834 2159 971 2227 potestas.

196 2235 271 2297 Non
282 2235 422 2314 equidem
435 2233 572 2308 invideo,
588 2233 684 2293 miror
697 2239 807 2316 magis;
822 2252 855 2296 ut
865 2252 963 2299 tamen
975 2250 1016 2294 uua

199 2327 363 2390 Contineat
374 2323 452 2385 liber
461 2323 540 2385 dulci
554 2320 648 2406 super
657 2326 767 2387 arbore·
779 2341 889 2406 tactus,

200 2419 285 2481 Scire
299 2418 391 2478 velim
403 2415 469 2494 quis
482 2416 547 2476 dira
559 2417 659 2498 jubet,
673 2420 739 2498 quis
750 2413 820 2480 talia
833 2413 915 2483 dona

198 2512 336 2583 Invidet,
349 2522 379 2571 et
391 2508 479 2569 rebus
489 2509 601 2592 jejunia
612 2511 717 2574 miscet
728 2513 848 2593 opimis.
862 2546 869 2562 =

200 2605 277 2666 Haec
289 2602 367 2664 male
378 2600 543 2663 blanditam
555 2604 701 2666 finxerunt
712 2605 800 2667 sibila
814 2601 931 2670 rocem.

201 2698 281 2780 Quis
293 2711 415 2780 stupor,
431 2716 449 2756 o
462 2693 591 2771 mulier,¹
601 2692 734 2758 me'ntem
746 2699 872 2783 caligine
886 2698 984 2764 clausit

202 2791 282 2856 Cum
294 2804 431 2872 serpente
444 2790 526 2869 loqui
536 2791 548 2851 i
558 2791 686 2852 verbum
697 2787 887 2856 committere
896 2797 979 2856 bruto

201 2890 234 2950 N
236 2910 276 2950 on
284 2873 394 2968 pudet,
408 2896 439 2944 ut
452 2897 579 2944 vestram
593 2899 751 2965 praesumat
761 2883 861 2948 bellua
873 2883 1009 2972 linguam,

200 2983 241 3045 Et
254 2990 421 3042 monstrum
431 2978 557 3058 pateris,
570 2976 805 3060 responsumque
819 2982 942 3064 iusuper
953 2971 1030 3039 addis?

241 3075 323 3158 Ergo
336 3071 388 3133 ubi
401 3065 591 3132 mortiferum
602 3074 752 3135 seductilis
765 3064 829 3135 Era
843 3091 986 3138 venenum

198 3169 332 3263 pluribus
345 3166 493 3247 accipiens
506 3165 582 3228 cladi
595 3163 744 3232 consensit
754 3167 883 3252 iniquae,
