2198 3844
35 335 39 346 ι
128 303 173 366 to
383 312 533 368 cnuti
563 306 770 391 ssunnrr
900 295 1039 386 v.107.'

127 406 195 469 Rex
206 406 323 488 aperit,
336 405 361 466 si
372 408 437 488 jure
450 421 538 488 queat
550 429 602 470 rex
609 409 665 470 ille
675 409 776 471 vocari
786 452 800 483 ,,

129 500 193 580 Qui
207 503 316 584 pietate
331 515 428 576 caret,
443 503 598 584 propriam
611 503 662 582 qui
676 524 738 564 non
753 504 828 586 regit
842 503 916 563 iram
932 524 942 574 ,·
1025 557 1030 562 .

129 595 338 678 Ereptumque
350 618 473 680 gemens
485 597 599 659 lacinus
610 597 684 672 sibi,
700 617 755 658 ceu
768 597 817 658 leo
831 597 995 678 frendens,
1095 607 1096 634 l

131 687 224 774 Cujus
237 693 276 752 ab
290 713 341 752 ure
356 705 441 753 tener
454 681 552 751 subito
569 712 638 753 cum
652 689 762 751 labitur
774 712 886 774 egum,

130 783 168 844 Iu
180 797 278 846 totum
292 799 391 853 movet
404 806 488 846 arina
500 805 639 868 gregem,
657 784 849 864 manditque,
864 785 1036 868 trahitque

68 869 70 877 ’
129 877 228 952 Mutte
242 892 350 959 pecus,
364 879 548 960 trepidaeque
559 889 667 940 vocant
679 897 730 938 sua
745 878 872 960 pignora
885 880 953 940 letae

73 1025 76 1028 .
130 969 364 1052 Nequidquam,
378 985 409 1033 et
422 992 531 1034 vacuas
539 971 668 1054 implent
681 971 827 1033 balatibus
839 993 933 1034 auras.
1036 981 1043 988 '

133 1063 225 1124 Haud
238 1087 324 1126 secus
338 1065 483 1125 Herodes
494 1062 615 1126 Christo
629 1064 795 1126 stimulatus
806 1068 975 1148 adempto,

133 1156 274 1220 Sternere
288 1159 405 1221 collisas
418 1179 580 1240 parvorum
590 1173 684 1242 strage
697 1171 827 1220 catervas

131 1251 292 1322 Immerito,
306 1273 367 1314 non
380 1266 472 1336 cessat
483 1266 575 1314 atrox.
592 1251 664 1332 Quo
679 1253 806 1315 crimine
820 1254 950 1338 simplex

130 1345 235 1408 Turba
248 1347 344 1428 perit?
358 1368 410 1408 cur
423 1348 474 1428 qui
489 1347 537 1409 vir
549 1349 620 1408 duna
632 1360 759 1428 potuere
772 1349 886 1424 creari,

87 1509 90 1514 ¹
135 1442 209 1510 Jam
224 1461 361 1501 meruere
373 1441 476 1501 mori?
490 1440 590 1501 Furor
604 1441 691 1502 estin
704 1461 772 1524 rege
786 1453 933 1519 cruente,

132 1533 209 1595 Nou
223 1533 315 1604 ratiu;
331 1535 506 1615 primusque
519 1553 628 1596 necans
641 1535 769 1618 vagitus,
787 1535 816 1597 et
827 1537 939 1598 audens
976 1527 981 1575 j

92 1621 102 1631 ’
133 1625 330 1688 Innumeram
347 1642 462 1708 patrare
474 1627 574 1701 nelas',
588 1628 721 1708 puerilia
731 1641 840 1689 mactat

134 1720 251 1796 lllillia,
266 1721 499 1804 plangoremque
514 1721 595 1781 dedit
607 1734 652 1780 tot
666 1721 810 1782 matribus
824 1742 926 1784 unum.

135 1813 211 1876 Haec
223 1815 336 1878 laceros
349 1816 447 1877 crines
457 1816 568 1874 nudato
581 1815 692 1876 vertice
707 1815 806 1896 rupit,

132 1908 189 1971 llla
200 1915 289 1992 genas
299 1905 404 1982 secuit,
418 1907 613 1996 nudumlferit
624 1908 717 1968 altera
730 1909 837 1992 pugnis

134 2001 261 2078 Pectus,
275 2016 305 2063 et
317 2001 420 2062 infelix
431 2013 526 2062 mater
539 2004 620 2080 (uec
631 2003 692 2083 jam
707 2003 799 2062 inodo
813 2005 932 2080 mater)

135 2093 224 2157 Orba
234 2103 323 2175 super
333 2094 463 2178 gelidum
476 2095 582 2154 lrustra
595 2095 708 2175 premit
719 2095 811 2155 ubera
823 2083 936 2156 natusne

137 2187 216 2268 Quis
228 2189 284 2248 tibi
295 2201 381 2260 tunc,
394 2187 495 2261 lanio,
509 2188 642 2248 cernenti
657 2188 726 2250 talia
739 2191 865 2252 sensus?

94 2327 106 2351 .
137 2283 263 2362 Quosve
276 2281 366 2342 dabas
377 2280 531 2355 fremitus,
546 2301 615 2342 cum
627 2281 755 2343 vulnera
764 2282 879 2344 fervere
891 2269 949 2344 late

135 2374 330 2457 Prqspiceres
343 2394 412 2436 arce
425 2396 460 2435 er
472 2389 607 2450 summas,
621 2389 795 2457 nutumque
808 2375 926 2440 videres

127 2469 261 2532 lllis'ceri
272 2481 340 2530 ante
354 2469 459 2531 oculos
471 2468 560 2529 tantis
570 2468 762 2554 plangoribus
774 2493 877 2552 aequor
889 2476 903 2536 i'

85 2601 93 2612 ·
135 2563 353 2642 Exstinctisque
366 2576 467 2628 tamen
481 2563 616 2643 quamuis
628 2564 790 2627 infantibus
801 2568 907 2630 absens
919 2611 936 2645 ,

136 2654 273 2719 Praesens
286 2655 422 2719 Christus
432 2670 515 2736 erat,
532 2658 584 2737 qui
596 2672 695 2722 sancta
710 2661 842 2742 pericula
856 2682 980 2748 semper

138 2749 287 2832 Suscipit,
302 2763 331 2812 et
343 2771 445 2834 peenas
458 2751 557 2813 alienu
571 2752 603 2813 in
615 2757 856 2837 corpore-sentit.

179 2844 233 2906 Ast
244 2846 295 2906 ubi
307 2847 549 2910 bissenosaetatis
561 2849 686 2932 contigit
700 2869 811 2928 annus,

138 2937 210 3002 lboc
222 2940 352 3021 spatium
365 2943 505 3004 decarne
519 2941 660 3030 trahens,
674 2942 788 3026 aevique
801 2957 916 3008 meatus

140 3031 283 3096 Humana
295 3056 352 3117 pro
364 3049 450 3117 parte
464 3036 547 3113 tulit,
560 3037 729 3100 senioribus
741 3029 805 3100 esse

139 3123 410 3194 Corde-ridebatur
419 3129 536 3208 senior,
550 3129 681 3215 legisque
691 3129 855 3218 magistros·
958 3118 964 3128 ’
