2172 3862
173 337 234 414 450
447 339 779 397 unisonum
947 331 1045 403 ctat

173 441 376 506 Committeus
386 439 519 501 animam
531 435 644 512 ventis,
657 449 686 498 ct
697 433 838 496 [luctibus
851 437 966 511 audax,
1075 445 1076 540 l

173 535 287 615 Sponte
299 551 407 613 parans
422 533 567 608 linctum,
583 531 727 593 rinumet
740 527 926 615 delentibus
940 551 1004 592 nra
1075 557 1076 610 p

171 625 206 687 ln
219 647 338 687 morem
350 625 477 687 fluvialis
488 647 591 706 aquae;
609 625 739 706 longaeva
753 620 890 704 liquores
1075 611 1076 686 l

173 720 304 800 Semper
316 719 395 779 oliva
407 721 525 797 virens,
540 731 623 781 certo
636 737 699 776 nou
711 728 853 796 tempore
867 717 981 792 ferret,

174 812 269 872 Mella
282 815 387 873 darent
399 833 526 894 vepres,
542 811 633 873 sentis
645 811 765 870 sudaret
777 827 961 884 amomum,
1075 869 1076 898 ᾖ

175 903 287 966 Omnis
299 924 369 988 ager
379 905 532 987 pigmenta
545 907 629 966 daret
642 901 836 964 vernantibus
846 901 969 978 herbis,
1075 955 1076 966 2

169 995 211 1057 Et
225 997 337 1058 rosulas
350 997 500 1079 proferret
512 998 629 1073 hiems,
643 1006 773 1056 servaret
785 1007 816 1054 et
832 1007 917 1054 aestas
1075 999 1076 1006 ’

168 1091 247 1151 Lilia
259 1110 425 1172 purpurea,
439 1089 495 1150 llos
508 1093 610 1164 omnis
621 1099 710 1150 staret
723 1088 841 1162 odore,
918 1117 920 1124 v

170 1183 200 1244 N
204 1204 238 1245 ec
252 1195 398 1245 marceret
409 1182 505 1244 bonos
518 1182 605 1242 violae
618 1180 732 1262 pallore
744 1180 886 1264 decenti,

170 1276 246 1337 Non
259 1279 363 1360 niger,
380 1289 429 1336 aut
442 1275 525 1336 albus
539 1289 654 1336 tantum
668 1273 753 1335 color
767 1285 843 1333 esset
856 1275 890 1332 in
906 1273 1000 1357 agnis,
1075 1273 1076 1278 ’

173 1366 234 1429 Sed
243 1368 408 1430 rubicunda
421 1369 505 1429 daret
517 1369 666 1449 pretiosus
680 1365 789 1427 vellera
802 1367 929 1442 sandix,

169 1460 332 1543 Lanigeras
345 1462 464 1522 vestiret
476 1482 546 1523 oves
559 1473 590 1522 et
601 1459 724 1521 muricis
737 1471 874 1532 ostrum,

168 1552 285 1614 Fabula
296 1567 377 1616 certa
390 1555 468 1616 foret
480 1552 600 1615 Phrixei
612 1552 731 1615 velleris
742 1571 869 1627 aurum,

167 1643 296 1705 Famam
308 1665 465 1706 scenarum
477 1667 565 1708 verax
576 1647 710 1708 narratio
724 1645 817 1706 ferret

167 1735 227 1798 Per
240 1736 390 1817 populos,
404 1751 577 1820 certamque
587 1740 679 1801 fidem
692 1739 756 1800 sine
769 1738 903 1800 crimine
916 1750 1007 1800 tanto
1075 1743 1076 1814 j

166 1828 292 1892 Viscera
306 1847 369 1892 non
383 1844 470 1893 terrae
482 1846 597 1895 tantum
610 1833 741 1916 pretiosa
755 1831 916 1892 metallum

167 1919 327 1986 Servarent
340 1925 473 1987 abstrusa
483 1927 596 2004 nimis,
611 1947 667 1990 nec
679 1945 798 2008 gemma
812 1925 921 1986 lateret
935 1948 943 1995 ;

166 2013 282 2077 Omnia
294 2019 346 2078 set
359 2019 472 2098 passim
485 2017 576 2082 iacies
591 2020 706 2079 telluris
719 2018 863 2093 baberet,

171 2105 327 2168 Omnibus
341 2109 371 2164 in
384 2112 471 2166 terris
483 2113 565 2189 regio
577 2131 639 2168 nou
654 2112 753 2191 indiga
766 2111 897 2186 mercis,

163 2197 266 2257 Vilior
284 2198 334 2258 illa
349 2197 428 2257 foret
441 2197 580 2278 populis,
596 2201 784 2279 portantibus
797 2203 888 2262 euris.

167 2289 209 2350 At
219 2307 300 2352 nunc
311 2289 482 2370 plectibiles
492 2290 629 2352 humanae
642 2293 751 2353 mentis
763 2293 875 2372 ubique

165 2380 276 2443 Dulcia
288 2382 454 2444 subducunt
467 2401 587 2460 mores,
601 2396 631 2445 et
642 2403 742 2445 amara
756 2385 940 2447 ministrant.

203 2461 343 2533 Forsitan
353 2462 511 2555 opponant
522 2477 662 2538 homines
673 2477 781 2539 delicta
790 2477 916 2538 fatendo
928 2522 939 2554 ,

160 2565 338 2650 Angelicum
349 2587 487 2646 peccasse
499 2589 612 2652 genus,
633 2571 714 2651 quod
728 2570 835 2652 parcior
848 2591 921 2648 aer,

122 2671 125 2678 '
161 2661 200 2722 lit
212 2680 303 2743 super
314 2672 390 2721 astra
404 2660 492 2741 polus
507 2707 516 2739 ‚
532 2662 579 2726 vel
594 2663 660 2726 ooeli
674 2684 763 2748 regna
778 2665 935 2726 tenebant

161 2755 239 2816 Ante
254 2753 385 2817 tribunal
397 2767 500 2832 erant,
514 2756 567 2818 ubi
582 2769 678 2832 casta,
694 2769 723 2818 et
735 2769 836 2818 smcta
849 2758 989 2821 viderent
1075 2765 1076 2828 l

162 2845 309 2928 Corporis
321 2861 455 2930 expertes
468 2852 580 2911 terreni
597 2848 880 2932 ponderis-omnes:

160 2937 199 2999 Et
212 2940 254 3001 sic
264 2961 352 3003 error
368 2963 421 3004 eos
433 2943 549 3019 tenuit,
566 2944 742 3025 crimenque
754 2945 930 3006 nefandum.

160 3031 245 3112 Quid
257 3033 396 3098 homines
409 3037 531 3113 miseri,
553 3037 651 3120 fragili
662 3040 716 3100 sub
729 3040 861 3123 tegulae
873 3041 977 3102 carnis

160 3123 303 3209 Captivos
315 3148 391 3208 quos
402 3130 540 3192 membra
549 3143 673 3208 teuent,
687 3143 717 3191 et
728 3133 867 3216 eorporis
879 3133 975 3196 ms?
1075 3163 1076 3194 1

940 3413 945 3422 ι

1001 3777 1006 3788 δ
