2106 3846
10 303 117 368 2526.
186 299 678 378 ‘rosnaruunruvn
844 329 898 366 221
976 388 977 392 Ἴ

10 419 161 479 interiore
173 431 275 478 tamen
289 428 405 478 servato
418 431 576 498 permanet
589 418 688 479 heros.

10 507 141 592 Semper
152 525 217 572 tuta
229 511 285 572 suit
297 510 369 572 casti
382 510 516 572 custodia
527 513 608 587 voti,

10 601 195 682 Quamlibet
208 606 363 687 impugnet
375 604 478 664 miseri
489 605 568 666 fraus
581 603 688 666 callida
699 604 825 680 muudi,

10 695 221 778 Extendatque
234 698 311 759 dolis
322 697 463 776 laqueos,
478 699 636 760 mendacia
648 687 764 772 nectat,

10 788 81 851 Non
97 793 187 854 venit
201 794 238 853 ad
251 809 381 874 pronam
391 812 477 852 mens
488 793 584 873 culpoe
596 792 697 876 ignara
710 792 837 852 ruinam.

10 881 161 966 Quosque
176 885 310 946 fremens
322 885 415 946 bostis
429 885 526 946 salluui
538 885 659 946 tribulat
673 895 755 960 astu,

10 975 193 1062 purgandos
205 991 306 1042 sancto
318 978 462 1060 patientia
472 979 610 1040 discutit
602 980 671 1062 ogni.

48 1069 246 1134 vendiderat
264 1074 448 1152 qnondam
439 1093 579 1154 juvenem
600 1093 704 1134 manus
720 1072 900 1132 aemulalra-

179 1179 283 1244 πιιιιιι
902 1237 909 1250 ‚

12 1257 54 1317 Et
67 1258 218 1330 samolum
232 1257 256 1320 J
258 1259 352 1342 oseplr
362 1259 449 1320 tellus
462 1256 640 1341 Memphitis
650 1259 796 1320 habebut·
790 1303 797 1318 .

11 1347 141 1413 Pertulit
154 1353 210 1412 ille
222 1354 344 1432 quidem
357 1354 534 1433 dominum,
550 1373 619 1415 cum
632 1354 759 1415 crimine
771 1350 846 1412 laiso

12 1443 169 1509 Confictua
182 1446 423 1521 voluissemus,
437 1447 517 1525 quod
530 1448 613 1508 triste
626 1447 748 1530 refugit,

12 1535 157 1600 Sustinuit
172 1540 304 1600 tolerans
315 1539 476 1622 ergastola,
490 1540 605 1617 vincla,
620 1555 755 1616 catenas,

12 1627 92 1693 Dum
105 1633 243 1714 spatium
256 1632 403 1713 replicans
415 1633 552 1715 geminos
561 1635 607 1695 sol
617 1637 751 1716 junxerat
764 1652 870 1694 annos.
959 1667 961 1678 ν

15 1722 135 1788 Oblitus
147 1730 214 1809 jum
226 1726 299 1787 lucis
312 1738 394 1800 erat,
408 1723 469 1807 jaro
481 1727 563 1788 crine
575 1726 680 1788 liuenti

15 1816 149 1882 Nutritus
167 1819 266 1880 macie
275 1819 414 1901 taogobut
425 1831 507 1902 terga
520 1820 656 1900 capillus.

17 1905 72 1970 Sed
83 1925 241 1997 vegetante
253 1911 323 1973 Deo
336 1927 421 1972 meno
432 1912 521 1973 nullis
535 1913 631 1974 clausa
642 1911 774 1973 tenebris

21 1999 159 2068 Praevidet
173 2021 315 2068 arcanum
330 2006 474 2084 quidquid
489 2019 557 2086 post
570 2007 663 2066 exitus
676 2003 794 2084 implet.

19 2091 151 2181 Denique
167 2099 316 2180 producto
328 2100 463 2160 certatim
475 2098 570 2180 gloria
580 2098 691 2172 fertur,

19 2185 85 2250 Non
95 2204 213 2252 tantum
225 2193 314 2252 venia
328 2216 336 2252 ι
349 2205 380 2260 et
391 2193 531 2275 precibus
543 2203 615 2252 tunc
628 2190 692 2270 ipse
706 2200 843 2271 rogatos,

19 2277 59 2340 Ut
74 2285 212 2346 diademo
224 2285 322 2349 libens
335 2286 454 2367 captivo
470 2285 501 2344 in
513 2284 623 2346 vertice
636 2295 752 2356 sumat,

21 2372 157 2439 Exsilium
181 2399 273 2460 regno
287 2391 471 2454 commutat,
487 2379 626 2460 principe
638 2396 766 2440 serrum.

23 2463 143 2532 Praemia
157 2474 265 2532 servati
279 2474 377 2533 cordis
390 2473 433 2534 sio
443 2472 574 2552 percipit
584 2473 648 2533 iste.

58 2561 220 2626 Susannam
234 2579 302 2646 post
314 2566 394 2628 hunc
402 2566 498 2648 dignis
509 2565 574 2644 quio
585 2565 720 2626 laudibus
732 2577 863 2643 unquam

21 2652 157 2735 Excolat,
174 2660 302 2719 iubrmis
315 2657 467 2739 quondam
490 2680 555 2738 qnae
566 2659 636 2720 vicit
649 2659 681 2716 in
691 2657 778 2716 annio
818 2699 821 2707 ,
938 2675 943 2692 ¹

24 2747 163 2832 lmproba
176 2765 378 2828 volusenum,
394 2755 623 2834 conjuratosque
632 2749 772 2810 furores?

24 2836 155 2908 Primum
167 2848 314 2927 disjuncto
327 2847 489 2927 quoscepit
503 2865 589 2908 cause
604 2844 716 2905 viritim

21 2932 152 3001 Consilio
164 2984 174 3015 ‚
186 2940 326 3018 solooqoo
338 2941 395 3000 sibi
409 2939 550 3021 promisit
562 2950 687 3019 uterque

20 3025 102 3109 Spem
124 3034 224 3116 culpa.
235 3077 243 3109 ‚
256 3035 307 3094 sed
319 3047 405 3115 turpe
415 3033 514 3095 calens
526 3033 557 3092 in
573 3031 712 3094 cordibus
722 3029 797 3114 ignia

24 3118 314 3190 continuarentur
328 3127 448 3191 sceleris
460 3127 582 3190 fornace
594 3126 732 3194 duorum.
