2172 3862
9 349 147 424 v.464.
273 360 340 411 ue
373 361 479 413 oso
513 363 610 416 ute.
644 369 692 418 tt·
857 361 915 435 45¹

9 455 69 518 Sic
88 453 186 517 vobis
198 473 340 534 respousa
353 455 432 515 dabo
447 479 454 515 s
471 454 557 535 Quid
570 457 658 540 culpa
671 459 774 521 aliena·

10 547 212 631 Objicitur?
225 567 350 632 purgare
365 561 482 629 potest,
501 552 581 630 qnod
594 553 682 634 gessit
693 553 831 633 iniquus,
937 593 942 602 ,

11 641 167 702 Alterius
180 641 378 720 quodcunque
389 642 488 703 nefas?
506 642 602 705 scelus
615 641 706 706 omne
723 663 884 727 peractum⁴

11 733 174 815 Respicit
188 745 358 809 auctorem,
373 735 488 811 socios,
503 731 682 818 cunctosque
695 740 849 803 ministros

10 826 197 908 Implicat‚
212 837 241 886 et
252 825 333 888 solos
343 828 477 904 lacinus,
490 849 566 908 quos
577 830 729 909 inquinat,
745 849 836 917 urget.

10 921 102 982 lnde
118 918 215 1003 ineps
229 941 315 982 mens
328 935 430 982 nostra
439 941 491 982 rea
503 925 654 1002 est‚quod
667 945 755 1005 poena
763 942 862 991 secuta
875 943 923 991 est

12 1013 178 1078 Caelestes
190 1014 336 1102 famulos,
350 1015 396 1078 bis
406 1037 462 1078 nec
474 1034 570 1101 grans
584 1017 628 1077 ira
639 1022 786 1100 pepercit.

16 1106 150 1168 Sideris
164 1107 314 1169 innumeri
325 1110 432 1172 cecidit
444 1131 515 1192 pars
526 1111 613 1172 tertia
622 1105 721 1187 coelo,

14 1200 111 1264 Cum
124 1201 200 1262 duce
214 1201 299 1283 pulsa
309 1223 381 1276 su03
397 1197 540 1288 superum
553 1203 683 1265 vindicta
696 1219 816 1270 coercet
911 1203 914 1208 ’

15 1294 163 1377 Agmina
175 1294 361 1373 coelicolum,
375 1298 532 1379 pereuntia
542 1296 627 1360 clade
638 1299 774 1378 pereum.

13 1386 152 1449 Militiae
165 1407 233 1468 pars
246 1401 326 1451 tanta
339 1391 404 1473 poli
419 1392 552 1455 districta
565 1391 629 1452 sine
644 1412 697 1451 usu

15 1481 189 1542 Debuerat
200 1496 317 1544 nostros
329 1485 407 1547 ultro
417 1505 611 1568 compescere
625 1505 742 1546 mores:

15 1572 60 1636 Et
77 1587 186 1634 tamen
199 1576 231 1635 iu
243 1577 330 1639 uobis
343 1578 441 1639 nullus
454 1580 548 1640 timor
560 1577 668 1639 exstitit
681 1597 815 1660 unquam
931 1585 934 1596 '

64 1665 154 1746 Quis
166 1670 246 1731 canis
260 1671 392 1748 allatret,
407 1672 519 1734 vibices
529 1673 554 1734 si
567 1692 620 1734 ora
633 1671 751 1746 leonis,

19 1759 137 1833 Colla,
154 1777 300 1844 caputque
315 1767 430 1840 serant,
446 1779 475 1827 et
487 1768 629 1848 sanguine
643 1766 722 1826 lulra
737 1767 915 1829 rubescant?

15 1853 72 1914 An
89 1852 162 1914 solis
179 1872 324 1936 pereunte
337 1860 385 1920 die
397 1904 405 1932 ‚
419 1861 509 1920 simul
522 1860 609 1921 obice
624 1871 720 1933 terra,
804 1931 811 1937 ι

27 1951 147 2011 Sidera
159 1952 324 2032 despiciant
336 1954 476 2015 umbram
488 1995 497 2024 ,
510 1975 568 2031 qua
580 1964 684 2018 cuncta
695 1963 851 2032 teguntur,

22 2044 71 2106 Et
85 2064 228 2126 superare
242 2058 347 2126 putent
361 2065 470 2108 crassas
480 2044 564 2106 tenui
574 2045 641 2128 igne
654 2043 813 2124 tenebras?

17 2137 89 2198 Aut
106 2137 229 2199 sitiente
243 2137 319 2198 ireto
331 2140 417 2218 jactet
430 2157 462 2198 se
476 2137 590 2220 pellere
601 2138 701 2209 rivus,

23 2230 138 2309 Quam
150 2251 207 2294 nec
219 2250 325 2314 magna
338 2231 418 2292 sitim
430 2245 554 2313 possunt
567 2231 671 2290 sedare
682 2227 792 2290 liuenta

22 2321 166 2405 Gurgitis
180 2324 327 2403 ae'quorei,
342 2337 464 2385 cunctus
480 2325 505 2383 si
517 2322 639 2384 fluctuet
652 2322 750 2382 amnis
764 2323 777 2381 i
846 2353 847 2362 κ

24 2416 91 2476 Sed
105 2415 309 2496 quiacoelcstis
319 2418 415 2498 pietas
424 2417 540 2479 veniale
554 2416 704 2490 minatur,

23 2507 161 2592 Plusque
176 2522 362 2572 coruscantes
374 2507 528 2586 flammas,
542 2529 632 2589 quam
646 2508 784 2570 fulminat
795 2507 910 2583 vibrat,

22 2604 89 2664 Aut
98 2604 124 2670 si
138 2603 252 2664 fulmen
264 2604 373 2679 babet,
388 2616 525 2679 montes,
542 2616 571 2664 et
585 2603 716 2664 culmina
726 2603 838 2685 tangit,

24 2696 257 2776 Arboribusque
272 2709 377 2778 caput,
392 2698 518 2773 cedros,
534 2697 684 2775 celsasque
697 2715 869 2776 cupressos,

28 2787 77 2848 Ut
87 2803 203 2850 terrore
217 2792 319 2851 domet
333 2791 452 2871 potius‚
466 2809 555 2870 quam
570 2790 652 2852 clade
661 2787 825 2869 profanos,

27 2879 86 2942 Est
96 2883 186 2943 nobis
196 2895 386 2966 contemptus
399 2896 482 2944 atrox
498 2927 506 2957 ‚
521 2883 695 2962 animusque
709 2879 839 2944 nocendi

28 2974 188 3038 Omnibus
202 2989 245 3038 est
256 2977 361 3038 nobis:
374 2977 469 3060 pietas
484 2989 584 3036 tamen
596 2976 674 3037 alma
691 2972 828 3035 Parentis

29 3069 188 3153 Indulgere
204 3071 307 3134 voleus
320 3072 399 3148 cito,
412 3091 503 3151 quarn
515 3070 622 3151 punire
634 3079 737 3148 parata

27 3161 115 3224 Misit
126 3164 164 3225 ab
177 3184 245 3227 erce
259 3155 344 3247 pium
358 3165 426 3230 coeli
440 3162 600 3248 persidera
613 3160 787 3237 Christum,
