2102 3846
172 293 230 355 156
408 299 516 352 suc
550 299 624 352 nn.
658 297 813 354 Av1u1
963 309 1027 370 my.

169 399 231 462 Sed
244 399 386 482 princeps
397 399 454 460 sibi
463 371 587 478 quisque
601 396 658 458 tuit
669 397 777 458 virtute
789 396 943 473 nocendi,

167 491 237 556 Nec
249 493 365 558 meritis
376 494 428 554 sed
441 492 523 553 mole
537 503 660 573 potens,
675 491 726 570 qui
738 489 847 551 lortior
858 503 939 551 esset

171 585 233 649 llic
245 587 354 648 melior
362 586 498 662 sibimet,
513 587 565 646 sed
578 605 609 648 se
622 605 768 661 censore,
780 583 949 667 putebat·

169 679 221 743 Sic
232 682 390 742 hominum
403 682 496 745 vitam
509 679 666 741 Brutorum
679 681 896 742 moresenebat

169 773 307 837 Motibus
319 777 459 838 addicens
470 795 556 836 mens
570 773 713 836 inclinata
722 773 835 842 ferinis.

171 867 322 953 Sanguine
336 882 424 951 potus
437 882 518 946 eret,
533 886 678 932 caesorum
689 869 802 932 viscera
814 869 930 952 passim

170 963 331 1025 Indomitis
341 962 453 1024 laceras
465 964 641 1045 praebebant
651 964 784 1026 lancibus
797 967 888 1026 esces.

127 1067 129 1070 ’
168 1056 297 1139 Insuper
308 1069 338 1118 et
350 1059 539 1139 quadrupes,
554 1060 680 1140 propria
691 1060 743 1139 qui
759 1071 857 1121 morte
868 1070 1004 1132 necetur,

170 1147 349 1236 §otiosam
361 1163 441 1213 certe
451 1171 542 1232 quem
554 1153 678 1216 vincens
688 1153 785 1216 bestia
797 1153 899 1235 cepit,
926 1149 940 1164 ⁸
986 1189 996 1194 -

172 1245 277 1306 Pnstns
288 1239 370 1319 eral',
384 1255 475 1324 q'uem
485 1243 569 1305 nnlla
581 1245 672 1322 fides,
688 1246 734 1307 lex
744 1246 826 1307 nulla
838 1247 968 1309 vetabat.

90 1335 97 1350 ⁸
171 1337 217 1400 Ut
229 1359 302 1402 vero
314 1357 460 1419 pecorum
472 1339 532 1399 ritu
546 1339 693 1420 permissa
705 1341 860 1423 voluptas,

171 1431 213 1492 Et
224 1433 330 1494 diflusa
338 1429 439 1510 pelam
451 1433 548 1513 ruptis
560 1432 680 1496 lascivia
691 1433 800 1510 irenis,

171 1528 368 1608 Luxuriaeque
379 1525 497 1601 sonim,
512 1539 600 1606 etque
613 1528 735 1588 obsceni
747 1529 881 1589 nundina
894 1515 994 1590 mnndi

173 1621 334 1697 Perverse,
349 1633 430 1684 cesto
442 1619 486 1680 las
497 1639 561 1681 non
574 1634 618 1682 est
627 1622 727 1684 dicere
739 1635 834 1684 centu.

180 1721 182 1730 ‘
212 1713 651 1779 'ruinosaeuotishominum
662 1716 886 1801 gensimprohs
897 1715 983 1802 gestis

97 1818 103 1838 “
173 1807 330 1873 Silvestres
341 1810 477 1888 animos,
490 1823 604 1873 neturae
616 1810 728 1873 loedere
741 1820 850 1892 rupto,

170 1904 332 1982 Induerat,
346 1905 492 1987 pulsaque
502 1904 593 1966 simul
603 1905 719 1967 ratione
730 1905 864 1984 lureltat,

170 1997 212 2060 Et
226 2000 340 2062 deserta
349 2001 450 2082 jacens
462 2000 579 2059 domini
591 2001 718 2062 coelestis
726 1999 825 2084 imago
939 2013 948 2020 ”

173 2092 279 2172 Omne
290 2096 381 2157 decus
394 2095 503 2157 mentis
514 2095 594 2175 turpi
608 2096 757 2176 dejecerat
769 2107 845 2158 ectu.

175 2189 266 2251 Hand
278 2209 362 2251 secus
374 2208 411 2250 ac·
421 2189 541 2269 pulchri
554 2209 623 2249 cum
636 2189 743 2249 fertilis
756 2209 825 2251 area
837 2191 957 2274 campi,

174 2281 277 2359 Quem
289 2283 401 2344 succisa
414 2283 496 2344 dedit
509 2294 633 2366 purgato
644 2282 754 2343 robore
765 2283 856 2360 silva,

173 2375 259 2438 Dum
273 2367 400 2449 colitur,
414 2376 492 2456 justo
505 2379 589 2456 peret
603 2375 728 2438 iocunde
742 2377 860 2452 labori,

176 2469 338 2550 Subjicitnr
352 2468 471 2549 rastris,
486 2472 648 2552 respondet
661 2471 812 2554 frugibus,
825 2491 861 2534 ac
873 2491 907 2534 se

174 2561 282 2625 Servat
291 2561 461 2642 composito
472 2563 579 2624 ruralis
591 2566 683 2646 gratie
697 2566 788 2626 vultu.

175 2658 317 2741 Agricola
328 2656 439 2719 oblitus
450 2657 474 2718 si
486 2657 608 2719 brachia
622 2659 701 2720 forte
715 2659 846 2736 remisit,

175 2751 355 2832 Laxavitque
370 2771 493 2826 munus,
508 2751 645 2832 fessoque
659 2753 771 2834 quievit
784 2767 906 2831 aratro,
1026 2777 1027 2835 t

176 2844 321 2928 Pigreseit
334 2847 467 2926 primum
479 2849 584 2908 durato
598 2848 710 2929 cespite
721 2847 828 2922 tellus,

178 2938 253 3000 Mox
264 2939 387 3000 rudibus
399 2942 490 3002 remis
503 2955 590 3021 atque
603 2955 707 3022 aspere
720 2941 846 3024 palmite
859 2941 965 3005 crebro

179 3033 397 3114 Disciplinams
408 3035 562 3098 dissuescit
576 3055 718 3117 promere
732 3035 861 3112 fructus,

180 3126 913 3212 Effunditlrntieesverios,silvamqueminetur:
