2172 3862
166 348 227 434 490
435 361 760 420 nuncottutt
967 389 1062 450 tayo.

212 453 291 534 Quae
305 471 447 539 corrupta
459 458 523 520 dies
535 457 624 540 eripit
636 502 645 533 ‚
658 471 746 538 atque
760 460 886 524 animes.

168 548 286 628 Aspera
297 595 306 625 ‚
316 550 364 611 vet
377 551 471 614 facilis
485 553 593 614 retinet
604 565 711 614 natura
721 553 879 633 volueres,

117 667 120 670 ·
203 641 323 706 Blando
337 645 477 706 columba
487 647 549 707 aris
561 660 621 722 est,
634 666 740 728 aspera
752 649 852 712 vultur
863 653 939 714 eris.

163 734 306 798 Nubibus
320 741 443 824 aggestis
456 741 585 822 pluviae,
599 741 669 818 nix,
682 743 797 824 grando
812 787 821 818 ‚
836 747 952 825 pruina

204 831 379 915 Gignuntur
390 834 526 910 vicibus,
541 835 633 918 igne,
650 855 781 916 vapore,
794 837 875 919 gelu.

161 921 216 985 sot
230 926 279 985 dat
293 929 475 1008 temperies,
490 928 606 1010 speeies
618 929 785 1012 gratissima
795 933 930 1009 mundi,

204 1017 600 1102 Cuncta‘oreanda'parans,
616 1035 721 1086 cuneta
736 1036 834 1084 creata
846 1025 972 1090 fovens.

161 1113 221 1176 Per
233 1137 323 1196 quem
336 1116 407 1176 fetat
417 1117 526 1178 humus
537 1116 628 1178 flores
638 1161 648 1192 ‚
660 1130 690 1178 et
700 1117 804 1178 messis
815 1119 924 1182 aristas
936 1165 947 1198 ,

203 1208 275 1270 Sole
291 1223 427 1290 perustus
437 1231 507 1294 ager
521 1213 618 1292 putris
629 1207 721 1272 aretia
731 1213 817 1293 jacet.

165 1301 310 1386 Corpora
321 1304 367 1365 soi
380 1305 475 1366 reficit
488 1305 598 1381 radiis,
613 1318 643 1366 et
656 1324 787 1386 corpora
799 1320 883 1368 vexat
896 1353 908 1385 ‚

203 1396 326 1460 Solibus
339 1397 461 1458 alternis
473 1399 573 1483 itque,
588 1399 724 1478 reditque
737 1399 824 1460 selus.

160 1489 278 1553 Omnia
288 1513 348 1572 nec·
356 1491 436 1554 maia
448 1505 516 1556 sunt
531 1537 541 1568 ‚
557 1514 614 1572 nee
626 1507 695 1558 sunt
703 1494 785 1554 bona
797 1494 897 1556 sidera
907 1499 982 1565 coeli
994 1546 1005 1578 ‚

199 1584 323 1666 Lucifer
333 1587 393 1650 hoc
405 1588 528 1663 docuit,
544 1585 641 1666 Sirius
654 1587 714 1650 hoc
726 1588 858 1656 monuit.

48 1681 50 1684 ’
156 1679 336 1763 Temperies
347 1683 414 1744 coeli
428 1683 563 1744 medium
575 1704 631 1745 nec
645 1683 778 1763 possidet
788 1681 923 1762 oriem,

197 1774 281 1836 Nam
293 1777 330 1835 de
344 1775 475 1856 quinque
490 1771 645 1860 plagissix'
655 1777 744 1839 habet
756 1777 821 1859 ipsa
834 1778 924 1839 duas.

153 1869 248 1950 Quod
269 1868 390 1946 eoelum,
406 1871 486 1948 quod
501 1883 579 1930 terre
593 1913 601 1946 ‚
614 1871 728 1954 fretum
740 1915 750 1945 ,
763 1873 858 1951 ‚quod
872 1875 993 1953 puiior
1004 1897 1054 1939 aer

195 1962 227 2026 N
231 1983 270 2024 on
285 1984 422 2026 meruere
431 1963 541 2040 simul,
556 1965 614 2026 hoc
625 1965 719 2026 homo
730 1967 852 2047 quando
868 1967 1018 2032 habeat?

156 2055 256 2139 Culpa
268 2057 342 2118 mihi
355 2058 450 2118 suerat
459 2056 613 2120 Dominos
625 2059 751 2120 reticere
766 2060 926 2124 modestos
942 2107 954 2138 ‚

194 2150 393 2234 Ignotumque
405 2151 480 2210 mihi
494 2152 626 2214 scribere
640 2195 649 2228 ‚
665 2173 722 2227 nec
733 2153 924 2216 Dominum.

155 2244 264 2325 Qualis
275 2257 305 2306 et
318 2245 448 2328 ingratos
460 2246 594 2328 sequitur
608 2291 618 2322 ‚
632 2246 684 2326 qui
691 2260 794 2311 mente
807 2248 964 2329 profana,

198 2337 279 2401 Cum
290 2335 463 2401 Dominum
476 2341 600 2422 norint,
614 2339 696 2422 idola
709 2360 784 2402 vena
796 2339 912 2411 colunt.

152 2430 357 2494 Israelitarum
370 2432 518 2514 populum
532 2434 575 2495 sic
587 2433 675 2516 culpa
686 2434 823 2510 tenebat,

196 2525 330 2607 Quando
343 2525 447 2592 Deum
461 2525 654 2591 obiitusflaus
668 2527 800 2589 vitulum
811 2527 923 2599 coluit.

152 2619 194 2682 Et
203 2634 303 2682 temen
316 2619 450 2703 indulges
464 2621 584 2682 reniam
597 2621 792 2704 poscentibus
805 2665 815 2696 ‚
827 2632 954 2698 auctor,

196 2713 231 2776 Si
245 2712 365 2778 sceleris
377 2713 448 2774 iacti
462 2733 550 2798 mens·
562 2732 613 2774 rea
627 2713 780 2796 poeniteat.
827 2763 830 2776 .

152 2807 199 2871 'l'e
217 2828 346 2890 precor,
363 2806 590 2888 Omnipotens,
613 2818 656 2884 te,
671 2827 762 2887 quem
777 2808 862 2870 decet
875 2829 943 2870 esse
954 2807 1045 2872 heni-

264 2900 266 2906 ’
303 2961 305 2966 ,
320 2921 432 2984 gnum,

198 2993 303 3073 Quem
316 3014 379 3054 non
392 2993 454 3055 ulla
464 2995 544 3076 juret
557 2994 630 3057 ultio
643 3039 653 3071 ,
666 2995 719 3056 sed
733 2993 840 3068 venia,

158 3073 251 3174 Cujus
263 3099 364 3150 sancta
377 3107 483 3150 manus
493 3101 641 3151 sustentat·
649 3090 742 3150 eorda
754 3098 908 3172 regentum
922 3127 933 3162 ‚
