2198 3844
171 335 250 399 te·
383 299 783 388 -cutrtsuounu
867 301 869 306 “
939 306 1059 392 v.257.

168 448 239 511 Nec
250 442 347 505 risum
358 425 458 497 tamen
471 439 538 490 aute
552 425 651 507 capit,
665 442 756 502 quam
770 414 843 482 voce
855 417 992 502 jubentis
1018 411 1020 416 ’

169 543 303 619 Accepta
317 527 463 601 Domini,
481 521 596 583 Siloam
608 517 736 579 venisset
747 516 784 575 ad
794 515 928 590 undam,

168 636 212 698 'Et
223 622 432 710 consanguinei
444 621 522 680 fotus
532 612 732 676 medicamine
745 610 833 686 limi,

166 728 252 791 'Pura
264 722 367 786 oculos
378 718 499 779 fovisset
512 729 602 791 aqum
616 727 686 768 mox
699 725 769 788 ergo
779 701 919 788 gemellae

167 821 312 885 Vultibus
325 813 466 894 effulgent
477 807 573 881 ecies,
588 801 769 880 tandemque
779 808 934 858 merentur

169 903 310 1000 Ignotum
323 919 456 990 spectare
470 901 560 961 diem.
576 894 756 978 Cognoscite
770 892 896 968 cuncti,

170 1010 300 1097 Mystica
311 1003 381 1084 quid
393 1002 519 1060 doceant
529 993 647 1054 animos
660 986 804 1058 miracula
814 998 943 1048 nostros.

171 1105 261 1168 Caeca
270 1107 369 1162 sumus
381 1092 482 1176 proles
494 1089 611 1148 miserae
624 1085 662 1145 de
673 1082 781 1144 fetibus
795 1079 866 1143 Evae
880 1123 889 1157 ,

67 1207 71 1216 ⁴
171 1199 330 1276 Pogtantes
340 1180 430 1270 longo
440 1197 524 1246 natas
537 1200 641 1242 errore
654 1169 811 1238 tenebrae:

172 1293 233 1356 Sed
246 1292 384 1374 dignante
397 1282 469 1354 Deo
479 1274 640 1339 mortalem
652 1291 771 1332 sumere
783 1269 915 1330 formam

122 1451 125 1459 ,
164 1383 326 1470 'Tegmiuis
337 1375 480 1449 humani,
495 1372 572 1432 faeta
582 1380 626 1429 est
639 1387 673 1428 ex
684 1364 799 1448 virgine
812 1362 902 1424 nobis
956 1401 958 1406 -

127 1487 130 1500 '
170 1482 268 1543 Terra
280 1471 429 1544 salutaris,
442 1487 507 1548 quae
516 1463 648 1524 fontibus
660 1458 760 1520 abluta
769 1455 880 1532 saeris,

175 1574 267 1639 Clara
280 1554 460 1632 renascentis
474 1569 584 1620 reserat
597 1552 761 1637 spiramina
773 1551 857 1634 lucis.

213 1664 427 1739 Bethaniaeque
439 1655 537 1718 solum
550 1663 690 1730 repetens
703 1647 845 1734 intrarat,
859 1641 965 1724 ibique

172 1763 301 1825 Lazarus
315 1754 438 1818 occidua
447 1745 607 1810 tumulatus
620 1756 700 1804 sorte
712 1739 828 1824 jacebat
865 1795 866 1798 ,

93 1893 97 1900 -
172 1859 195 1918 J
197 1877 244 1918 am
258 1865 362 1934 quarto
373 1847 436 1908 sine
450 1843 516 1904 luce
527 1841 595 1914 die,
609 1837 782 1914 claususque
792 1831 923 1914 sepulcri

172 1951 348 2019 Marmore,
362 1948 538 2018 corruptum
551 1927 621 1992 tabo
631 1929 786 1992 exhalabat
798 1929 935 1988 odorem.

170 2043 302 2108 Flebant
312 2053 481 2122 germanae,
496 2027 586 2089 flebat
600 2022 757 2108 populatio
769 2041 919 2103 praesens,

116 2213 119 2221 Δ
170 2138 280 2202 Flebat
291 2146 321 2195 et
334 2126 560 2208 Omnipotens,
575 2119 628 2180 sed
638 2109 788 2198 corpore,
802 2114 865 2174 non
879 2113 1010 2192 deitate,

171 2229 393 2304 Exanimesque
406 2233 485 2280 artus
498 2215 549 2276 illa
562 2234 619 2295 pro
632 2224 717 2294 parte
730 2210 867 2284 dolebat,
1001 2209 1003 2216 “

169 2325 244 2408 Qua
256 2318 419 2380 moriturus
432 2323 510 2384 erat,
525 2306 723 2390 lacrymisque
733 2301 872 2384 implevit
882 2300 1040 2380 amicum,

171 2419 329 2502 Maiestate
343 2409 456 2470 Deum.
472 2401 557 2483 Quid
571 2399 712 2474 credere,
728 2395 869 2470 Martha,
884 2397 1041 2459 moraris?

156 2529 158 2534 '
172 2513 316 2595 Quidve,
330 2503 429 2566 Maria
439 2545 447 2577 ,
458 2496 576 2582 gemis?
587 2491 743 2555 Christum
752 2488 907 2565 dubitatis,
919 2510 957 2550 an
964 2511 1060 2554 unum

171 2605 271 2671 Poscit
282 2602 320 2662 ab
335 2594 459 2659 infernis
471 2591 628 2653 hominem
642 2604 781 2648 revocare
793 2583 946 2658 cavernis,

169 2700 240 2784 Qui
253 2695 354 2769 dabit,
369 2687 540 2750 innumeras
552 2694 621 2766 post
630 2681 734 2741 funera
742 2697 862 2762 surgere
875 2676 1000 2760 turbas?

173 2795 255 2877 Ergo
268 2787 321 2851 ubi
332 2781 485 2847 clamantis
498 2772 628 2838 Domini
641 2772 741 2836 sonuit
753 2762 844 2848 tuba,
860 2770 981 2832 dicens:
1091 2749 1092 2762 ἵ

169 2888 297 2960 Lauare,
311 2896 402 2962 perge
415 2875 510 2941 foras3
524 2888 632 2952 magno
645 2885 788 2948 concussa
801 2883 915 2946 pavore

171 2981 298 3044 Tartara
308 2969 473 3035 dissiliunt:
488 2963 582 3025 Erebi
593 2974 717 3044 patuere
728 2979 879 3036 recessus,

173 3068 342 3139 Extremuit
353 3059 460 3126 lethale
471 3057 576 3133 cbaos,
591 3055 757 3136 mortisque
769 3043 927 3134 profundae

174 3167 237 3238 Lex
250 3161 348 3248 perit,
362 3169 449 3240 atque
459 3153 560 3218 anima
572 3149 712 3236 proprias
726 3159 882 3232 repetente
893 3131 1057 3226 medullas,
