2172 3862
11 350 134 412 ιιῦό.
297 361 715 422 censorium.
848 363 905 436 ttr

10 456 157 518 Vindice
172 454 325 538 naufragio
340 478 346 515 :
361 455 412 516 tali
422 457 478 518 sub
492 457 574 519 clade
587 460 743 538 aboletur,
806 451 814 464 '

13 547 86 629 Qui
93 548 157 610 suit
172 560 239 609 ante
254 559 367 625 metus,
384 569 452 609 mox
465 549 561 612 libera
574 553 660 614 turba
672 551 819 618 Tonantis

14 641 183 703 Mutatum
195 641 320 703 miratur
334 641 407 704 iter:
422 642 469 703 via
481 644 579 724 prisca
592 646 693 708 salutis

16 733 142 796 Semita
157 734 265 796 mortis
277 747 357 809 erat,
372 754 429 797 nec
439 757 559 798 servans
571 739 709 801 membra
719 743 868 823 sepulcro.
904 811 906 816 ,
968 793 969 800 ,

14 827 146 891 Africus
160 826 275 888 interca
289 841 387 889 mutus
399 827 507 892 virtute
521 832 651 912 jubentis

19 921 184 984 lllaesurus
197 922 296 998 adest,
308 920 389 982 nulla
404 923 566 986 comitante
580 923 732 1007 procella,

17 1013 168 1077 Delicias
178 1026 298 1095 portare
310 1033 418 1096 parans
431 1036 525 1079 novus
539 1016 648 1102 ingruit
661 1020 778 1097 imber,

18 1107 208 1169 innumeras
220 1107 269 1168 dat
281 1107 401 1170 nimbus
413 1130 500 1185 aves,
516 1112 601 1173 datur
615 1133 681 1175 esca
695 1111 857 1194 polorum,

19 1201 176 1284 Angelica
186 1202 223 1261 de
235 1213 318 1282 parte
331 1201 430 1279 cibus,
445 1202 613 1266 sitientibus
626 1218 726 1266 autem

19 1291 173 1356 Flumina
185 1307 270 1375 petra
281 1294 380 1370 dedit,
394 1293 478 1356 nullo
491 1296 624 1358 fodiente
638 1297 747 1381 ligone.

61 1386 107 1448 Et
118 1407 164 1448 ne
176 1386 262 1468 plura
273 1386 396 1468 loquar,
410 1400 460 1449 tua
471 1401 557 1465 sunt,
569 1409 752 1471 quaecunque
760 1390 909 1470 videntur,

22 1481 63 1542 Et
74 1503 148 1561 qnae
164 1499 255 1543 nemo
266 1480 361 1543 ridet:
376 1481 430 1542 tibi
443 1482 553 1544 debent
565 1484 688 1559 omnia,
703 1483 785 1563 quod
797 1498 883 1561 sunt,

23 1571 73 1635 'l'u
87 1587 197 1634 tamen
211 1573 296 1654 ipse,
318 1575 398 1654 quod
412 1593 462 1651 es,
476 1575 552 1634 nulli
566 1576 680 1650 debere¹
689 1577 847 1658 probaris,

25 1665 66 1726 Et
78 1665 171 1746 quasi
184 1667 235 1745 qui
248 1667 353 1743 debet,
369 1667 412 1729 sic
425 1669 566 1730 omnibus
579 1671 683 1731 omnia
696 1671 804 1732 reddis.
891 1711 897 1726 ι

24 1757 82 1820 Est
95 1757 157 1820 tibi
171 1777 259 1833 cura,
275 1757 380 1834 Deus,
395 1761 431 1820 de
446 1761 591 1839 quidquid
604 1763 714 1842 ubique
728 1765 853 1841 creasti,

28 1849 60 1912 N
64 1871 81 1913 e
96 1863 216 1912 tantum
228 1847 401 1921 succumbat
413 1871 506 1914 onus:
519 1866 574 1913 stat
588 1874 658 1938 cura
670 1855 843 1932 minorum,
881 1915 884 1920 .

27 1941 69 2006 Et
83 1944 219 2027 speciale
232 1945 334 2026 jubes,
348 1958 488 2025 tanquam
501 1946 658 2028 generale,
676 1948 763 2006 tueri.
801 2005 803 2010 .

30 2037 84 2102 Sic
97 2040 133 2099 lit
148 2051 244 2100 mater
255 2039 380 2113 humus,
394 2059 451 2118 qua
463 2039 597 2122 germina
611 2051 716 2100 cuncta
727 2052 880 2118 creantur,

31 2132 87 2195 Sic
104 2150 192 2192 mare
202 2130 363 2194 velivolum
377 2144 526 2193 mercator
536 2145 625 2192 nauta
637 2143 773 2214 vagatur,

30 2224 252 2304 Telluremque
265 2243 374 2285 noram
387 2223 590 2307 circumspicit
600 2224 729 2307 impiger
740 2224 867 2306 hospes,

31 2317 74 2379 Et
88 2317 266 2398 complexus
277 2330 356 2378 amat
369 2335 431 2377 uon
444 2318 578 2401 cognitus
590 2319 702 2379 advena
715 2317 802 2379 cives.

32 2411 170 2472 Foedere
183 2411 346 2486 concordi,
360 2410 503 2492 quisvis,
518 2411 666 2472 elementa
679 2422 816 2472 tenentur

32 2503 118 2566 Taru
132 2504 221 2587 longa
232 2523 364 2567 connexa
382 2523 487 2579 mora,
507 2504 551 2566 sic
562 2507 662 2586 juncta
675 2504 817 2588 ligantur,

32 2597 81 2659 Ut
95 2597 242 2680 disjuncta
254 2611 355 2660 tamen
369 2597 510 2660 concordi
525 2597 577 2660 lite
591 2597 768 2680 probentur.

34 2689 69 2751 Si
85 2690 233 2776 disjuncta
245 2690 332 2768 fiant,
348 2690 478 2752 soluetur
492 2689 629 2752 m'acbina
644 2710 767 2766 rerum,

35 2781 70 2844 Si
80 2786 242 2866 conjuncta
253 2785 369 2859 forent,
380 2783 479 2844 omnis
492 2795 597 2856 natura
611 2781 731 2864 periret.

76 2875 244 2952 Tu,'Deus
256 2877 466 2958 omnipotens,
480 2876 579 2952 nosti,
594 2895 653 2956 quo
668 2872 773 2936 feceris
784 2875 891 2937 orbem

37 2969 189 3046 Semine,
210 2991 270 3052 quo
282 2970 388 3045 coelos,
401 2969 515 3048 sulem,
530 2968 691 3048 lunamque
704 2967 809 3030 creasti

37 3061 88 3124 Ex
102 3063 199 3125 nihilo
210 3063 316 3141 simul,
329 3083 391 3126 esse
404 3075 504 3126 tamen
516 3064 631 3126 diversa
644 3073 790 3142 putamus.

40 3156 94 3217 Ad
107 3155 237 3220 nibilum
247 3157 378 3222 reditura
389 3157 498 3222 iterum
509 3169 577 3222 sunt
589 3154 709 3236 omnia,
723 3175 797 3307 cupi8
806 3166 838 3215 tu
889 3209 893 3218 .
