2106 3846
401 307 408 418 j
474 291 646 383 urvr

312 610 820 730 PROSPERI

349 941 775 1030 ,EPIGRAMMATA

188 1322 190 1328 Ι
216 1245 334 1302 sumn
354 1245 431 1300 DIVI
456 1247 650 1304 AUGUSTINI
676 1249 913 1306 summus,

521 1477 522 1480 ,
555 1434 580 1495 l.

234 1566 273 1618 IN
300 1563 615 1618 OBTRECTATOREM
643 1565 669 1616 S.
696 1565 906 1618 tuuusuutl.

131 1665 273 1748 Coruus
288 1687 486 1771 Augustinum
499 1674 638 1749 narratur
650 1707 771 1768 serpere
784 1686 913 1766 quidam

172 1775 327 1863 Scriptus,
341 1802 433 1861 quern
446 1782 560 1842 dudum
572 1781 650 1843 livor
661 1782 771 1843 adussit
780 1783 874 1842 edax:

131 1867 197 1954 Qui
209 1887 299 1955 caput
311 1875 444 1936 obscuris
455 1885 625 1936 contectum
638 1886 787 1954 utrunque
798 1876 939 1937 cavernis

172 1965 295 2030 Tollere
307 1969 401 2030 humo
412 1968 557 2028 miserum
571 1965 702 2048 perpulit
713 1968 919 2050 anguiculum.

132 2060 193 2120 Aut
205 2060 284 2124 hunc
296 2062 379 2144 fruge
393 2081 446 2122 sua
455 2059 588 2143 aequorei
600 2080 709 2140 pavere
721 2060 885 2138 Britanni,

173 2153 235 2213 Aut
248 2143 317 2216 huic
328 2141 487 2235 Campano
498 2152 633 2236 gramine
648 2155 740 2232 corda
753 2167 881 2216 tument.

133 2242 212 2322 Quae
226 2258 371 2327 conrepta
384 2246 621 2328 fovetrpromat
634 2269 642 2304 ε
657 2260 722 2326 quae
737 2248 883 2328 parturit,
897 2251 982 2323 edat,

175 2335 236 2396 Seu
246 2350 347 2398 vetere
360 2352 492 2398 armatur
504 2340 659 2422 dogmate,
671 2340 733 2400 sive
747 2361 837 2400 novo.

133 2430 168 2490 ln
181 2446 372 2509 quoscunque
385 2429 467 2490 sinus
477 2431 627 2512 spirarum
637 2443 773 2512 torqueat
783 2434 874 2494 orbes

174 2518 216 2580 Et
227 2519 314 2581 fallax
324 2520 418 2582 multa
432 2537 568 2608 contegat
582 2537 644 2586 arte
658 2538 765 2606 caput,

134 2613 317 2677 Currentem
328 2615 443 2678 attritos
456 2637 547 2698 super
560 2621 677 2701 aspidas
690 2633 720 2680 et
732 2619 886 2683 basiliscos

172 2707 335 2772 Declinare
346 2732 451 2774 senem
463 2711 568 2793 vipera
580 2734 644 2774 non
657 2714 780 2795 poterit.

552 2839 599 2901 ll.
656 2850 662 2870 '

407 2943 743 3026 inuuunnu

134 3089 281 3190 Qurnuru
294 3107 458 3188 doctiloqui
470 3109 566 3173 libros
578 3111 657 3172 senis
670 3109 829 3192 Augustini

177 3196 312 3280 Carpere
326 3213 355 3262 et
365 3202 522 3294 aduersum
532 3205 684 3280 ‚tondere
697 3202 792 3265 lentur
803 3223 890 3285 opus.
