2172 3862
21 318 150 391 v.524.
274 311 720 385 proedonem.x
853 322 915 399 '453

21 425 142 486 Clausa
154 436 256 505 patent
269 468 278 498 ,
293 423 395 504 plures
407 415 521 486 mundo
536 429 654 489 rediere
667 431 776 511 sepulti
790 477 799 506 ,

21 517 63 578 Et
76 517 177 578 vitam
185 537 268 578 mors
280 517 344 598 ipsa
355 519 456 590 dedit;
473 521 544 579 dum
558 521 616 581 rita
630 525 773 603 perennis

22 610 155 671 Limina
164 608 269 670 mortis
277 611 356 684 adit,
371 611 457 694 stygii
468 625 620 675 tremuere
635 617 786 692 ministri,

24 703 192 787 Effugiant
204 715 355 764 tormenta
367 725 435 764 reos
449 750 457 780 ,
480 707 572 766 invita
586 709 723 788 pepercit

21 797 197 859 Tortorum
210 799 367 859 metuenda
381 799 504 877 dranus,
519 799 566 860 lux
577 801 712 862 funditor
723 805 853 882 umbris,

22 889 220 952 Desceusum
234 892 374 952 comitate
387 891 467 965 Dei,
482 893 572 954 simul
585 894 660 955 orbe
676 896 779 978 iugata.

23 983 177 1046 Tartarus
191 982 458 1063 infelix-nunquam
474 986 619 1047 satiabilis
630 989 766 1064 umbris,

24 1078 67 1139 Et
78 1077 186 1138 solitus
198 1079 325 1161 gaudere
340 1068 409 1140 'neci
421 1122 429 1151 ,
446 1079 582 1140 turbatur
593 1099 694 1141 amare
706 1126 714 1156 ,

25 1170 68 1232 Et
83 1169 212 1250 supplex
223 1168 381 1250 augmenta
394 1171 476 1233 dolet
489 1214 499 1245 ‚
520 1192 592 1232 uam
604 1173 713 1233 damna
726 1173 823 1236 lutura

28 1263 112 1325 Hnec
123 1275 278 1344 augmenta
290 1265 409 1335 dabant;
417 1265 544 1338 animas,
556 1285 628 1346 quas
640 1265 768 1328 claustro
778 1271 919 1332 tenebant

29 1354 174 1420 Carceris
186 1358 309 1432 aeterui,
328 1357 474 1444 redituras
486 1358 560 1420 lucis
573 1359 610 1417 ad
624 1379 692 1419 usus
752 1423 765 1442 >

28 1449 192 1527 lniremit,
208 1463 237 1511 et
250 1452 347 1538 legem
361 1451 467 1512 violari
482 1449 571 1514 deflet
582 1453 694 1512 averni.

28 1543 174 1606 Luminis
186 1545 367 1626 impatiens,
381 1559 412 1606 ut
423 1548 485 1627 jam
498 1547 695 1607 remearet'ad
709 1565 794 1608 aures

30 1637 218 1712 AEthereas,
245 1650 311 1699 orat
323 1636 514 1715 Dominum,
529 1659 691 1722 regemque
705 1639 867 1721 polorum,

31 1733 62 1793 N
66 1744 193 1814 egraret
202 1729 919 1819 omnemllecateujubarimupersbileChristus3

30 1826 97 1885 Aut
108 1825 217 1906 spoliet
230 1837 294 1886 toto
308 1825 408 1909 nigros
420 1826 511 1886 simol
523 1827 642 1914 agmine
656 1843 777 1896 manes,
799 1837 804 1850 “

33 1919 85 1980 Λᾶ
98 1915 232 1998 Superos
245 1938 388 1982 revocans
401 1920 516 1980 animas
527 1921 635 1980 virtute
648 1919 788 1999 parentis.

74 2009 197 2073 Tertius
206 2012 323 2074 ‘interea
337 2014 482 2093 processit
496 2012 604 2074 lucifer
617 2013 701 2072 astris
737 2007 741 2012 ’

35 2103 167 2167 Oceano
180 2106 355 2188 splendente
366 2109 433 2182 die,
448 2107 525 2168 redit
537 2106 633 2166 almos
647 2106 684 2165 ab
695 2105 814 2168 umbris

35 2199 104 2261 Rex
117 2201 219 2260 reduci
232 2201 310 2276 rite,
325 2219 431 2284 magna
444 2200 607 2264 comitante
621 2211 745 2261 catema.
815 2235 817 2242 =

36 2293 192 2374 Discipuli
206 2294 347 2356 reducem
361 2294 420 2354 lneti
431 2295 533 2356 ridere
547 2293 730 2377 magistrum.
827 2323 829 2326 ·

37 2386 112 2448 lude
124 2406 261 2448 reversus
270 2387 382 2449 habere
394 2389 469 2469 petit
483 2408 535 2450 sna
549 2380 639 2471 regns
649 2386 856 2468 triumphans,

37 2478 154 2540 Dexter
166 2479 197 2539 iu
210 2499 280 2542 arce
293 2483 417 2558 sedens,
438 2501 562 2544 consors
574 2481 717 2565 genitoris
728 2493 859 2551 amatus,

37 2572 60 2630 J
62 2571 163 2634 udicio
177 2584 316 2634 venturus
325 2573 385 2633 erit
395 2587 462 2656 post
478 2575 556 2636 seclo
569 2575 669 2636 futuro

38 2663 180 2727 Reddere
193 2666 368 2728 mercedem
379 2667 513 2741 cunetis,
529 2688 619 2747 quam
633 2667 758 2746 quisque
771 2673 924 2740 meretur,

37 2757 88 2818 Ad
100 2759 254 2834 dextram,
272 2758 442 2836 laevamque
454 2761 561 2842 jubens
574 2773 669 2819 astare
683 2771 831 2832 catervas,

37 2849 139 2933 Exigit
151 2863 183 2911 ut
195 2852 337 2912 meritum
352 2851 419 2912 vitae
433 2872 614 2934 pravaeque,
630 2854 787 2932 bonmue.

82 2941 116 3004 Si
129 2944 224 3006 scelus
238 2959 300 3020 est,
316 2957 344 3007 et
356 2947 467 3028 grande
484 2945 568 3006 nefas
581 2947 738 3028 tempsisse
748 2957 904 3026 potentem
917 2991 925 3022 ,

39 3037 206 3102 Factorem
219 3050 379 3102 temerasse
391 3059 477 3100 suum
489 3040 570 3120 quod
583 3039 698 3101 crimen
709 3039 856 3123 liabetur?

39 3131 83 3194 Et
99 3147 202 3194 tameo
215 3132 348 3194 indultor
359 3132 468 3195 mansit
481 3145 551 3216 post
562 3132 667 3196 lunera
680 3135 799 3209 carnis,

671 3226 802 3307 ,39
