2106 3846
110 263 197 343 -234
342 273 756 334 ·o.unosruu1
928 293 1018 354 *77-

179 371 330 433 Praetereo
343 384 455 452 quanto
469 372 559 433 fuerit
569 373 648 434 hene
663 375 747 436 mota
757 362 889 436 tumultu

123 458 230 532 'clara
241 465 398 548 Ephesus,
411 487 475 529 non
490 487 576 552 passa
588 468 648 530 suis
662 469 826 531 consistere
832 465 924 533 'tectis

136 561 217 623 Vasa
232 564 298 637 irae,
313 573 342 622 et
352 562 454 622 morbi
465 560 570 636 fletus,
584 576 613 624 ct
624 564 740 624 semina
754 564 872 625 mortis.

138 655 269 736 Quaque
276 655 335 717 fide
348 652 435 717 telius
448 656 540 716 etiam
546 654 705 719 Trinacria
717 656 835 719 ferreus

88 751 91 762 '
137 750 255 834 Agmeu
269 753 427 833 vipereum
439 750 574 833 propriis
587 752 717 834 exegerit
729 751 814 812 oris?

178 842 229 905 'l'u
249 865 366 907 causam
380 845 450 907 fidei
463 843 652 930 flagrantius,
666 844 772 906 Africa
784 857 913 923 nostra,

69 1007 72 1012 ¹
138 936 334 1017 Exsequeris‚
349 953 508 1018 tecumque
521 941 755 1023 suumjungente
767 939 908 1024 vigorem
1042 974 1043 1030 p

138 1030 162 1093 J
164 1027 224 1094 uris
237 1033 407 1115 Apostolici
420 1034 520 1110 solio,
533 1035 597 1094 sera
608 1034 722 1096 viscera
734 1032 807 1095 belli

143 1124 297 1202 Conficis,
311 1127 408 1188 etlato
418 1127 585 1208 prosternis
595 1126 693 1187 limite
705 1128 809 1188 victos.

143 1217 325 1282 Convenere
338 1220 396 1280 tuis
408 1221 445 1280 dc
459 1220 572 1280 cunctis
584 1219 710 1280 urbibus
720 1217 794 1278 almi
866 1273 874 1286 ,
1043 1203 1044 1238 ¹

143 1312 325 1389 Pontifices,
338 1313 521 1394 geminoque
534 1312 649 1374 Senum
659 1312 858 1375 celeberrima
873 1326 956 1375 coetu

143 1404 293 1469 Deceruis
306 1410 387 1488 quod
399 1407 501 1468 Roma
514 1408 643 1488 probet,
658 1406 740 1485 quod
754 1425 844 1490 regna
855 1419 1022 1487 sequantur.
1044 1434 1045 1469 a

185 1499 254 1561 Nec
267 1500 331 1560 sola
343 1512 387 1561 est
400 1498 463 1562 iilic
475 1497 672 1584 synodorum
685 1509 784 1580 exerta
792 1511 954 1581 potestas,

130 1611 133 1618 ’
147 1590 214 1656 Ceu
226 1613 300 1670 quos
309 1612 371 1652 non
384 1604 507 1673 possent
521 1593 638 1654 ratione
648 1593 787 1655 evincere
799 1594 902 1654 nostri
919 1637 929 1670 ,
1045 1662 1046 1675 χ

145 1683 188 1747 Vi
200 1698 391 1766 premerent:
403 1685 541 1748 discussae
552 1699 649 1762 artes,
661 1685 802 1764 virusque
814 1697 972 1748 retectum
981 1695 1017 1745 est
1045 1677 1046 1686 ¹

113 1821 116 1826 -
147 1777 293 1842 Haeretici
306 1800 424 1852 sensum
440 1779 618 1861 nullumque
630 1778 757 1840 omuino
771 1777 920 1841 relictum

147 1869 248 1936 Docta
259 1874 332 1936 fides
343 1875 425 1955 quod
435 1895 499 1935 non
512 1874 687 1936 dissolveret
698 1884 927 1956 argumentum.

150 1964 283 2031 Condita
295 1981 402 2052 suntet
413 1968 525 2049 scripta
535 1979 676 2043 manent,
692 1987 758 2046 quac
772 1966 810 2027 de
823 1966 984 2030 cataractis

149 2059 276 2123 AEterni
287 2061 378 2124 sontis
389 2059 500 2123 fluxere
514 2061 645 2144 undante
659 2071 782 2134 meatu,

148 2153 191 2214 Et
200 2156 379 2216 tercentenis
392 2175 554 2237 procerum
563 2147 632 2215 sunt
645 2153 725 2215 edita
738 2151 847 2236 linguis
860 2175 868 2212 ε

138 2240 203 2309 ‘sic
213 2250 389 2309 moderante
400 2268 485 2337 suam
498 2249 596 2332 legem
606 2247 741 2308 bonitate
751 2265 872 2322 severa,

149 2337 196 2399 Ut
205 2340 256 2419 qni
268 2341 410 2401 damnato
424 2341 535 2403 veilent
544 2342 581 2403 de
593 2360 698 2403 errore
711 2338 822 2402 reverti
836 2382 846 2414 ,

149 2433 333 2512 Acciperent
345 2452 472 2514 pacem,
485 2435 580 2516 pulsis
588 2435 639 2514 qni
654 2452 747 2515 prava
758 2444 911 2494 renerent.

190 2526 241 2586 An
253 2525 346 2586 alium
360 2525 392 2584 in
403 2525 495 2588 finem
506 2540 607 2609 posset
618 2526 785 2608 procedere
797 2537 941 2588 sanctum

152 2617 350 2699 Concilium,
374 2619 423 2681 cui
435 2621 494 2680 dux
504 2619 663 2696 Aurelius3
677 2619 891 2702 ingeniumque

150 2713 332 2797 Augustinus
343 2715 426 2778 erat?
438 2711 543 2795 Quem
559 2712 673 2776 Christi
684 2713 778 2795 gratia
788 2731 884 2774 cornu

139 2805 307 2876 ¹Uberiore
320 2810 437 2891 rigans,
452 2821 556 2869 nostro
570 2807 674 2868 iumen
694 2805 776 2866 dedit
789 2825 853 2866 aevo

152 2901 323 2963 Ascensum
335 2923 408 2964 vero
422 2904 459 2964 de
472 2901 587 2963 lumine
600 2924 608 2960 ε
619 2919 693 2960 nam
706 2899 790 2961 cibus
804 2895 849 2957 iili

152 2992 196 3056 Et
208 2994 283 3072 vita,
297 3007 327 3055 et
338 2999 456 3078 requies
471 2995 555 3057 Deus
566 3008 625 3068 est3
641 2994 801 3072 omnisque
813 2990 958 3073 voluptas

154 3085 245 3154 Unus
255 3109 341 3152 amor
355 3087 468 3153 Christi
482 3103 546 3172 est,
561 3109 637 3152 unus
650 3086 765 3151 Christi
778 3099 822 3149 est
833 3085 939 3148 honor
951 3087 998 3148 ilii
1011 3111 1016 3144 :
