2198 3844
155 261 197 338 ttt
406 267 784 322 caetu-senonas
928 245 1081 340 v.257.l

150 367 260 430 'l'ertia
269 351 319 426 lux
331 363 449 439 aderat,
464 362 615 444 sterilique
625 364 658 422 in
673 364 785 446 cespite
800 363 922 425 nullum

154 461 333 544 Contigerat
347 458 431 541 plebs
443 470 524 520 tanta
537 457 639 520 cibum
650 500 660 532 ,
673 457 844 536 nimiosque
857 458 992 523 labores
1080 515 1081 522 ,

157 556 302 619 Nutribat
314 553 493 637 geminanda
505 552 616 628 sames,
631 551 654 612 si
666 551 765 612 saucia
777 551 886 612 callem

154 649 263 711 Turba
275 669 331 730 per
341 648 491 728 ingentem
505 646 632 726 dapibus
642 647 741 727 jejune
756 645 874 708 rediret.

154 745 231 824 Qua
243 742 333 804 llexus
346 743 456 823 pietate
468 739 571 816 Deus,
587 741 637 820 qui
650 761 771 820 semper
782 753 926 824 egentum

158 837 252 902 Panis
262 839 364 912 adest,
379 835 550 914 victumque
563 835 637 896 loeis
650 834 713 896 sine
727 834 858 918 frugibus
872 836 987 914 infert,

159 929 317 994 Pisciculis
330 929 446 1012 paucis,
460 942 489 990 et
501 942 617 1009 septem
631 929 759 1009 panibus
770 949 877 1012 agmen

157 1024 247 1088 Parit
260 1044 385 1085 enorme
398 1023 513 1096 virum,
528 1034 692 1103 praeterque
706 1023 825 1084 infirma
836 1024 967 1086 secundi

157 1119 270 1194 Sexus,
284 1117 419 1180 etaetatis
432 1116 571 1176 saturavit
584 1129 711 1195 quatuor
721 1115 784 1178 illic

161 1213 262 1274 lllillia
273 1223 461 1282 vescentum3
476 1209 542 1290 plus
554 1221 586 1268 ut
599 1210 737 1285 mireris,
752 1223 780 1270 et
791 1222 891 1272 auctas
921 1240 924 1248 ·

159 1308 253 1370 Disce
262 1307 349 1367 luisse
360 1307 452 1384 dapes
461 1347 472 1379 ,
486 1303 588 1384 epulas
598 1303 722 1367 nutrivit
736 1305 853 1364 edendo

160 1400 296 1482 ¹Vulgus,
313 1411 342 1459 et
356 1397 461 1458 attritae
474 1410 630 1458 creverunt
645 1385 888 1458 morsibus'escae.

164 1492 388 1572 Belliquiasque
401 1510 486 1565 sues,
498 1505 668 1570 sportarum
681 1491 813 1553 culmina
824 1504 962 1572 septem,

162 1586 292 1669 Expavit
304 1585 424 1668 fugitiva
435 1584 548 1659 sames,
563 1585 615 1646 ubi
629 1585 773 1668 fragmine
784 1598 912 1665 sumpto

164 1679 251 1744 vidit
263 1679 463 1740 abundantem
472 1678 594 1740 modico
608 1679 645 1739 de
658 1679 773 1740 semine
786 1699 924 1739 messem.

206 1773 238 1833 N
242 1795 275 1834 ec
289 1785 388 1833 tamen
400 1773 532 1834 humano
544 1773 678 1851 quamvis
690 1771 721 1831 in
734 1791 862 1853 corpore
873 1769 1044 1849 Christum,
1080 1837 1081 1846 χ

166 1868 276 1930 Matris
289 1867 327 1928 ab
341 1886 447 1928 occasu
460 1854 746 1942 mortalia'membra
754 1878 931 1948 gerentem,
1080 1881 1081 1942 3

165 1961 259 2022 Clam
273 1960 328 2022 luit
342 1979 405 2040 esse
418 1957 541 2034 Deum,
556 1957 700 2038 quianon
714 1959 906 2020 absconditur
917 1979 1044 2040 unquam
1080 1959 1081 1980 ¹

165 2055 251 2116 Urbs
261 2055 294 2114 in
309 2066 411 2119 monte
422 2053 545 2127 sedens,
560 2052 665 2112 modio
677 2073 734 2113 nec
746 2039 883 2112 subditur
895 2054 999 2116 ardeus
1080 2043 1081 2124 J

167 2147 326 2234 lychnus,
340 2145 530 2208 anhelantem
541 2146 594 2206 sed
606 2165 747 2227 spargens
760 2145 847 2210 altius
859 2145 956 2228 ignem
967 2191 991 2230 ,Ι
1080 2175 1081 2214 r

170 2239 294 2304 Cunctis
301 2239 407 2299 lumen
419 2238 478 2321 agit
490 2261 497 2298 ε
511 2239 629 2301 radians
641 2259 713 2302 nam
723 2239 846 2300 testibus
858 2239 957 2322 amplo
1080 2243 1081 2250 ’

167 2331 335 2414 Discipulis
347 2331 461 2414 fulgore
473 2329 585 2405 tribus,
598 2331 678 2392 velut
688 2332 790 2414 igneus
798 2334 890 2394 ardor

168 2425 267 2501 Solis,
282 2424 313 2485 in
327 2423 487 2486 aetheream
500 2445 600 2486 versus
613 2424 773 2506 splendore
785 2425 926 2509 figuram,
1003 2449 1006 2460 ·

18 2533 20 2550 ¹
110 2585 114 2590 ,
172 2519 294 2580 Vicerat
304 2537 359 2580 ore
370 2516 471 2592 diem,
486 2529 658 2596 vestemque
671 2519 820 2582 tuentibus
832 2521 925 2602 ipsam

170 2611 310 2676 Candida
322 2610 419 2670 lorma
431 2610 506 2670 nivis
519 2609 649 2674 Domini
661 2614 698 2673 de
711 2613 842 2696 tegmine
855 2613 941 2674 fulsit.

171 2703 206 2767 Ο
221 2706 362 2766 meritum
372 2701 501 2766 sublime
514 2704 626 2779 trium,
640 2706 747 2786 quibus
760 2705 810 2766 illa
823 2707 921 2768 ridere

169 2797 307 2881 Contigit
317 2797 350 2863 ¹iu
361 2798 494 2871 mundo,
509 2819 574 2876 quae
585 2818 649 2858 non
661 2812 728 2862 sunt
739 2800 852 2860 credita
863 2801 979 2862 mundol

173 2890 353 2972 Quidquod
365 2902 396 2952 et
409 2889 551 2965 Heliam,
567 2905 595 2952 et
607 2892 721 2954 clarum
733 2893 835 2956 ridere
849 2889 989 2978 Moysen?
1080 2899 1081 2976 ζ

172 2984 297 3068 ignotos
310 2982 403 3045 oculis
415 2985 554 3046 videmnt
565 2985 679 3048 lumine
691 2987 810 3064 cordis,
1080 2985 1081 2992 ἶ

174 3077 221 3154 Ut
232 3081 329 3163 major
340 3077 377 3140 sit
385 3089 488 3144 nostra
498 3080 569 3142 lides
580 3123 589 3160 ,
601 3080 680 3144 buno
695 3100 757 3148 esse
767 3103 823 3164 per
836 3081 936 3149 orbem
