2102 3846
12 405 14 410 ¹
74 320 137 392 nt
314 335 425 396 nno.
459 331 717 396 cumulet
808 337 811 342 ·
885 331 974 422 etp.

75 430 120 497 Et
132 431 228 496 vultus
241 431 370 514 implere
384 453 491 510 manu,
506 454 559 516 seu
572 455 703 517 corpora
713 452 813 521 gypso

77 527 226 611 Fingere,
240 527 291 588 vel
299 528 382 610 segni
394 529 530 608 speciem
542 549 730 611 componere
742 549 852 595 massa·
949 527 952 534 ’

65 621 132 684 'Sic
146 635 233 703 pater
246 621 441 703 omnipotens
453 621 604 687 victurum
617 625 755 705 protinus
768 644 878 686 arrum

76 713 217 791 Tractat,
232 728 262 776 et
275 714 306 776 in
319 713 402 778 lento
415 715 578 777 meditatur
589 717 704 780 viscera
716 731 813 780 coeno.

79 809 168 875 Hinc
182 829 282 872 arcem
295 809 400 890 capitis
414 807 537 872 sublimi
550 809 584 870 in
596 811 707 874 vertice
718 809 830 894 signat,

78 899 269 983 septiforem
283 903 400 964 vultum
413 902 538 966 rationis
550 902 686 968 sensibus
699 917 825 986 aptans,

69 993 201 1058 Olfactu
213 1041 223 1072 ,
237 997 359 1073 auditu,
373 997 456 1073 visu,
470 1009 616 1080 pinuque
625 1010 798 1079 potentem.

73 1087 184 1152 Tactus
197 1088 256 1150 erit
276 1090 374 1175 solus,
387 1103 453 1151 toto
467 1091 518 1170 qui
531 1111 662 1172 corpore
674 1092 762 1173 judex
777 1167 779 1172 Ι

75 1181 208 1260 Sentiat,
225 1200 254 1247 et
265 1185 428 1266 proprium
442 1196 560 1266 spergat
574 1205 630 1265 per
641 1185 782 1248 membre
791 1184 949 1269 rigorem.

72 1277 198 1340 Flexilis
211 1293 340 1342 arctatur
353 1298 460 1344 recavo
474 1278 518 1339 sie
528 1277 628 1360 lingua
640 1278 762 1359 palato,

73 1371 198 1434 Pressus
208 1385 240 1434 ut
255 1374 287 1433 in
301 1391 422 1434 camera
436 1371 582 1454 pulsantis
594 1372 720 1434 verbere
736 1372 848 1454 plectri

49 1497 55 1506 ·
72 1463 220 1527 Percusso
233 1479 354 1526 resonet
366 1465 536 1527 modulatus
549 1465 581 1526 in
594 1485 663 1527 aere
676 1485 787 1530 sermo.

74 1555 151 1620 Exin
163 1558 337 1623 succiduum
351 1572 492 1641 porrecto
505 1559 538 1618 in
551 1577 680 1638 corpore
703 1571 807 1639 pectus

76 1651 194 1736 Spargit
205 1672 337 1714 ramosas
350 1666 418 1734 pust
431 1651 554 1714 brachia
565 1652 657 1714 sortia
669 1652 796 1732 palmas.

75 1745 214 1809 Succedit
226 1747 381 1808 stomacho
394 1745 523 1820 medius,
542 1745 595 1825 qui
607 1745 848 1828 tegmiueamolli

74 1839 158 1902 Inter
171 1849 330 1920 utrumque
342 1840 418 1902 latus
431 1841 533 1901 foveat
546 1839 667 1915 vitalia,
684 1853 797 1904 venter.

73 1934 239 1998 Dividuom
252 1949 370 2017 partem
382 1933 482 1996 femur
496 1933 622 2016 exeipit,
636 1934 735 2015 aptius
749 1947 781 1994 ut
791 1955 823 1996 se

73 2029 216 2092 Alternus
229 2021 349 2090 moveat
360 2028 513 2110 duplicato
526 2028 642 2110 poplite
656 2047 782 2111 gressus.
833 2073 837 2079 -

67 2123 115 2186 ni
128 2137 213 2206 parte
224 2145 259 2186 ex
271 2123 329 2184 alia
339 2166 348 2199 ‚
360 2124 443 2208 lingit
454 2141 546 2203 quem
557 2122 698 2184 conditor
712 2142 810 2198 uuus,

77 2217 216 2300 occipiti
231 2217 377 2280 submissa
390 2238 444 2278 suo
458 2217 639 2278 descendere
651 2215 751 2280 cervix

73 2312 202 2394 Incipit,
218 2325 248 2373 et
258 2306 571 2393 vastos'compagibus
585 2310 698 2372 addere
707 2329 828 2372 necros.
864 2309 866 2319 '

75 2405 174 2487 Spina
187 2405 287 2489 rigens
300 2404 415 2467 crebris
427 2405 507 2466 iuter
519 2405 703 2467 commercia
715 2403 804 2464 nodis
854 2437 860 2442 ·

73 2498 231 2560 Dilsundit
244 2497 397 2578 duplicem
411 2508 563 2560 costarum
573 2517 610 2560 ex
625 2498 732 2558 ordine
744 2509 869 2560 cratem.
1026 2545 1027 2604 t

34 2615 39 2626 ·
73 2592 149 2654 Pars
162 2594 280 2654 interna
293 2612 390 2654 noros
402 2591 471 2654 ritae
483 2590 631 2654 formatur
644 2592 682 2652 ad
694 2610 780 2668 usus,

72 2685 220 2748 Naturale
232 2699 341 2770 parant
351 2699 471 2770 tegmen
484 2684 585 2748 vitalia
599 2685 705 2760 cordi,

73 2779 235 2860 Massaque
248 2781 397 2864 congestis
409 2781 547 2862 pendens
558 2778 753 2842 absconditur
763 2777 845 2840 extis.

70 2875 201 2938 Additur
211 2875 258 2938 his
271 2876 354 2963 tenui
366 2875 530 2957 pascendus
542 2872 581 2936 ob
592 2890 661 2934 aere
672 2871 799 2953 pulmo,

76 2967 142 3050 Qui
153 2981 301 3050 concepte
313 2967 431 3030 trahens
444 2967 520 3031 lenti
532 2967 699 3050 spiramm
709 2963 814 3040 flatos,

69 3063 209 3145 Accipiat
221 3065 367 3146 reddens,
383 3063 486 3126 reddat
499 3081 572 3143 quas
585 3060 751 3142 sumpserit
762 3079 868 3139 auras,

69 3156 167 3239 lnque
181 3159 278 3222 vicem
291 3157 398 3222 crebro
412 3155 519 3218 ellatur
530 3155 679 3218 anhelitus
693 3153 798 3218 haustu
