2198 3844
15 55 17 110 t

15 117 17 162 t

15 187 17 224 ‚
42 185 58 196 .

15 227 17 288 l

15 335 16 348 l
75 294 169 376 v.t7·.·
276 295 767 360 canorus-‘ursaniae
922 295 968 360 1³5.

15 409 17 468 t
77 397 144 478 Qui
154 394 251 458 solem
259 396 367 472 radiis,
382 409 411 456 et
421 397 523 458 lunam
537 399 677 460 cornibus
689 400 822 480 imples-,¹

15 505 17 570 t
75 491 172 570 Inque
185 491 266 550 die-m
276 510 311 551 ac
322 503 445 551 noctem
458 490 559 552 lumen
571 493 685 556 metiris
699 505 855 574 utrumque
866 518 887 568 ;;

79 583 144 661 Qui
155 583 254 645 stellas
266 603 423 660 numeras,
438 604 563 662 quarum
575 597 606 644 tu
618 586 742 646 nomina
753 587 852 662 solus,

79 675 186 760 Signa,
200 689 378 758 potestates,
393 698 513 756 cursus,
527 678 609 752 loca,
624 692 763 761 tempora
775 683 887 757 nosti„

15 813 17 826 .
80 769 142 848 Qui
157 767 724 854 diversa.novamformastitncorpora
734 786 864 852 terram,
913 843 917 846 ,

80 865 285 946 Torpentique
298 867 363 927 solo
376 866 503 928 viventia
514 867 653 927 membra
666 867 789 940 dedisti3

15 975 16 986 ¹
80 958 142 1040 Qui
155 973 331 1041 pereuntem
345 961 501 1029 hominem
514 962 597 1022 vetiti
620 960 776 1024 dulcedine
788 961 884 1043 pomi.

78 1055 227 1118 Instauras
239 1053 363 1119 meliore
375 1055 463 1129 cibo,
477 1068 608 1135 potuque
621 1055 727 1116 sacrati

81 1145 238 1230 Sanguinis
251 1146 380 1212 inlusum
391 1147 517 1228 depellis
529 1149 566 1208 ab
579 1168 674 1230 angue
687 1167 863 1219 venenum?

15 1231 16 1234 ¹
81 1239 145 1320 Qui
158 1261 249 1324 genus
259 1240 421 1302 humanum
434 1245 567 1320 (practer
581 1261 655 1318 quos
669 1240 811 1301 clauserat
824 1259 891 1304 arca
902 1243 929 1320 )2

15 1335 16 1344 ’
81 1332 196 1393 Diluvii
211 1334 314 1414 rapida
325 1333 489 1413 spumantis
502 1332 583 1394 mole
596 1333 745 1414 sepultum
902 1405 906 1412 Ι

82 1423 155 1487 Una
167 1427 325 1502 iterumde
336 1427 427 1508 stirpe
440 1447 537 1500 creas,
547 1440 583 1512 ,ut
597 1428 720 1510 mystica
731 1427 841 1501 virtus,

15 1509 16 1556 3
83 1517 178 1598 Quod
190 1520 405 1582 carnisdelicta
417 1532 524 1604 necant
537 1562 545 1593 ‚
557 1520 616 1581 hoc
629 1519 753 1601 praesule
765 1520 845 1602 ligno

80 1611 265 1680 Monstraret
276 1613 400 1692 liquidas
413 1615 551 1678 renovari
565 1635 651 1695 posse
665 1635 720 1694 per
734 1613 826 1676 undas
835 1636 851 1684 3-

81 1706 193 1768 Totum
205 1727 333 1789 nauaque
346 1705 424 1770 laras
436 1728 497 1768 uuo
510 1708 687 1788 baptismate
703 1707 879 1769 mundum:-

82 1798 186 1862 Pande
197 1800 372 1875 salutarent,
386 1821 498 1881 paucos
510 1823 576 1880 quae
587 1801 668 1862 ducit
679 1800 829 1862 inurbem
838 1841 859 1875 „

79 1893 214 1976 Angusto
228 1893 302 1956 mihi
315 1895 388 1957 calle
401 1896 481 1958 viarn
491 1939 500 1969 ‚
512 1895 655 1973 verbique
668 1894 830 1956 lucernam.

79 1985 270 2069 Dapedibus
282 1988 380 2050 lucere
392 1989 481 2072 meis,
497 2001 529 2048 ut
539 1988 644 2048 semita
657 1988 724 2046 vitae

79 2079 131 2140 Ad
143 2083 240 2142 caulas
252 2102 304 2148 rue,
315 2082 389 2141 ruris
402 2094 485 2164 agat,
501 2101 559 2159 qua
578 2090 674 2139 servat
685 2097 837 2137 amoenum

81 2171 189 2234 Pastor
199 2174 279 2239 ovile,
288 2174 408 2248 bonus‚‚
417 2191 474 2252 qua
488 2172 597 2235 vellere
611 2171 736 2252 praevius
746 2169 816 2230 albo

79 2265 215 2350 Virginis
227 2287 317 2350 agnus
330 2267 410 2340 ovis,
425 2287 551 2348 grexque,
565 2264 817 2330 omniscanditlus
830 2264 935 2336 intratt

37 2371 43 2378 ‘
79 2363 120 2422 Te
132 2363 226 2435 duce,
240 2359 368 2428 difficilis
381 2381 444 2422 non
458 2371 501 2426 est
511 2358 719 2432 via.,‚sutditur
731 2356 830 2422 omnis

79 2451 223 2535 Imperiis
235 2453 408 2520 naturatuis
416 2477 432 2515 ,ε
446 2452 562 2532 rituque
573 2451 681 2516 soluto„

79 2544 202 2610 Transit
216 2545 671 2626 inadversasjussudominante
685 2543 802 2626 figuras

15 2637 16 2642 '
80 2637 114 2700 Si
126 2640 231 2721 jubeas
246 2640 352 2707 mediis
364 2627 474 2722 segetes
488 2659 571 2702 arere
583 2637 699 2718 pruinis
709 2679 728 2712 „

15 2699 18 2784 l
76 2730 252 2793 Messorern
263 2733 407 2816 producet
419 2732 532 2798 hierus:
546 2732 704 2798 sicurrcre
717 2740 847 2793 mustum

15 2839 16 2846 ¹
76 2823 209 2884 Vernali
220 2826 273 2886 sub
282 2823 344 2886 sole
357 2823 634 2898 velis‚iloreutibus
647 2824 727 2888 arvis,

79 2915 229 2986 Sordidus
240 2919 397 2997 impressas
411 2916 535 2984 calcabit
548 2915 755 2990 vinitorum,

15 3017 16 3036 ¹
80 3007 259 3090 Cunctaque
271 3012 377 3076 divinis
387 3010 536 3090 parebunt
548 3022 686 3088 tempora
697 3008 792 3072 dictis.

15 3089 20 3146 l
76 3101 200 3172 udicio
214 3103 776 3193 estantiquafidesietcanauriorum„
