2142 3858
12 347 130 422 nali.
263 347 468 409 ns'nso
502 353 598 408 uss.
629 358 650 409 t.
833 343 889 417 421

12 453 52 514 Et
65 469 181 516 vocem
193 439 339 533 compago
353 451 453 524 dedit,
468 468 547 510 nova
558 448 697 511 machina
708 467 830 532 surgens

12 547 184 608 ductorem
197 543 318 604 laudere
330 563 436 619 mum,
449 544 566 626 gavisa,
582 543 662 620 qnod
675 553 759 602 esset.
829 555 834 574 “·

47 637 145 700 Tunc
157 637 258 700 oculos
271 649 327 717 p‘er
338 648 444 698 cuncta
455 635 545 717 jacit,
561 635 686 695 miretur
696 643 848 696 amoenum

11 731 60 794 Sic
71 731 189 793 florere
201 729 322 804 locum,
335 729 379 790 sic
392 728 630 809 purus'lontibus
643 747 747 792 omues
801 741 804 748 ’

11 825 158 904 Quatuor
167 822 326 884 undisonus
336 821 490 904 stringenti
501 821 616 905 gurgite
628 821 710 908 ripss

10 917 54 979 lre
68 939 131 999 per
145 914 398 989 arboreosseltus,
412 933 595 995 camposque
606 914 736 976 virentes

10 1009 166 1072 Miratur:
180 1008 232 1069 sed
244 1007 315 1087 quid
328 1006 489 1083 sichomo,
503 1024 579 1086 quos
591 1008 684 1070 lactus
695 1009 732 1068 ad
748 1026 836 1084 usus,

11 1104 96 1166 Scire
111 1101 198 1182 cupit
207 1100 348 1180 simplex,
362 1112 394 1160 ct
403 1120 465 1160 non
476 1100 583 1175 nabes,
597 1102 675 1162 unde
689 1101 842 1182 requiret:

14 1199 84 1277 Quo
96 1196 209 1258 merito
223 1193 344 1254 sibimet
357 1195 424 1254 deta
435 1193 472 1254 sit
482 1194 629 1276 possessio
640 1196 784 1270 mundus,

14 1289 49 1351 Et
62 1293 177 1351 domus
195 1288 273 1349 olma
286 1305 393 1348 nemus
403 1305 460 1368 per
472 1284 669 1369 floree'rcgnu
681 1292 836 1367 peretum

14 1385 55 1446 dc
67 1382 181 1465 procul
194 1391 341 1462 exspectat
353 1379 464 1443 virides
475 1381 609 1462 jumenta
618 1369 675 1462 per
685 1398 789 1462 agrum

14 1475 51 1538 Et
64 1479 103 1538 de
115 1496 149 1536 se
160 1475 283 1551 tacitus,
297 1494 363 1554 quoe
374 1473 433 1534 siut
444 1472 508 1535 haec
520 1485 645 1549 musta,
659 1472 803 1551 requirit,

15 1567 51 1629 Et
64 1589 160 1649 quare
174 1575 275 1629 secum
285 1587 348 1628 non
361 1566 420 1628 sint
430 1567 493 1629 hece
506 1567 588 1648 ipss,
600 1566 732 1628 volutat:
897 1561 900 1570 ’

15 1660 95 1725 Nam
109 1675 250 1723 consorte
264 1679 385 1736 carens,
397 1680 467 1721 cum
479 1681 540 1740 qno
553 1661 721 1737 conferret,
734 1663 848 1744 egebat.

52 1754 185 1814 Viderat
198 1750 405 1834 Omnipotens
416 1754 479 1816 hoec
489 1753 577 1815 illum
587 1756 679 1816 corde
690 1746 881 1832 mouentem,

15 1843 54 1906 Et
67 1845 227 1907 miseratus
238 1846 298 1906 uit:
312 1845 429 1908 Demus
439 1846 586 1926 adjutoria
596 1847 694 1923 iectu,
882 1911 886 1927 ι

14 1937 202 2020 Participem
215 1939 331 2021 generis
344 1962 351 1998 ε
364 1953 508 2020 tauquam
519 1941 545 2000 si
557 1941 669 2002 diceret
681 1953 808 2017 unctor,
879 1955 881 1960 ’

14 2029 87 2093 Non
101 2030 203 2092 solum
216 2032 301 2093 decet
310 2051 373 2093 esse
384 2034 503 2107 virum,
519 2032 669 2095 consortie
678 2031 788 2093 blundo

17 2121 149 2187 Noverit
157 2143 252 2199 ,uxor
261 2126 419 2200 erit„cum
430 2126 469 2186 sit
480 2138 583 2196 tumen
596 2124 649 2185 ille
661 2125 805 2202 meritus,

19 2213 201 2299 Conjugium
214 2235 245 2276 se
256 2217 380 2296 quisque
388 2230 490 2292 vocet,
504 2215 631 2280 dulcedo
642 2227 775 2281 recurrat

18 2305 171 2371 cordibus
181 2311 337 2384 innocuis,
350 2323 380 2370 et
391 2311 430 2370 sit
440 2309 498 2371 sibl
511 2311 617 2393 pignus
627 2324 773 2392 uterque,

16 2397 105 2465 Velle
117 2413 222 2484 pares,
237 2415 266 2464 et
275 2403 360 2464 nolle
373 2415 476 2483 peres,
490 2415 569 2465 stans
582 2422 640 2466 una
652 2406 808 2483 voluutas,

18 2488 74 2555 Per
88 2497 186 2557 animi
200 2511 341 2571 concors,
355 2497 477 2577 peribus
488 2515 666 2560 concurrere
679 2501 774 2575 votis,

18 2586 118 2649 Ambo
131 2589 191 2648 sibi
204 2587 321 2667 requies
334 2589 433 2651 cordis
445 2589 520 2665 sint,
536 2591 626 2652 ambo
638 2592 760 2668 fideles,

19 2676 55 2739 Et
66 2681 238 2760 quicunque
251 2683 336 2742 datur
346 2683 593 2756 cususffsitcausu
605 2685 743 2746 duorum.

55 2774 127 2836 Nec
141 2795 245 2852 mora,
259 2777 320 2856 jam
334 2769 415 2836 seuit
427 2771 484 2836 elta
491 2778 593 2854 quies,
609 2776 898 2858 oculosquesupiutt

23 2862 174 2943 Somnus,
190 2882 219 2928 et
231 2869 262 2927 iu
274 2863 392 2930 dulcem
402 2867 557 2930 solvuntur
570 2868 708 2930 membra
718 2875 869 2950 soporem.
908 2917 913 2923 .

19 2953 77 3018 Sed
88 2980 161 3021 cnm
170 2963 235 3042 jure
248 2961 328 3023 Deus
337 2975 351 3038 ,'
360 2961 443 3021 nullo
454 2961 651 3041 prohibente,
667 2955 777 3024 valeret

18 3048 153 3115 Demere
165 3055 358 3134 particulam,
374 3047 411 3115 de
425 3074 482 3135 que
493 3056 560 3136 pius
572 3056 635 3136 ipse
648 3069 766 3138 pararat
776 3063 794 3134 ,⁸

19 3140 48 3201 N
51 3165 67 3204 e
80 3148 109 3208 ri
123 3147 222 3213 oblatu
233 3149 315 3210 daret
328 3149 428 3231 juveni
442 3169 493 3210 sua
505 3161 586 3212 costa
598 3149 756 3226 dolorem,

708 3246 756 3309 36.
