2126 3848
146 256 205 340 278
401 263 760 330 n.r‚nosrnn1

144 452 219 514 Non
232 449 321 510 dubie
335 449 429 510 nostri
441 447 526 510 Deus
537 463 580 512 est
592 461 620 510 et
634 462 752 526 rector,
765 463 797 510 et
808 464 930 528 auctor,

188 541 268 606 Cum
281 555 346 620 toto
358 541 466 605 effectu
480 564 546 621 quae
559 544 639 604 bonu
652 555 736 618 sunt,
749 545 881 626 gerimus

145 637 191 699 Ex
204 657 331 719 opernm
345 635 445 718 specie
459 635 613 698 clarebunt
624 637 731 697 intima
744 638 855 698 cordis.

188 729 289 810 Quive
299 729 431 790 hominis
443 742 576 789 mentem
590 729 712 810 spiritus
725 729 804 790 intus
814 729 878 790 alit.

147 823 272 884 Sanctus
286 822 366 882 enim
380 834 496 896 sanctos
507 821 595 897 facit,
609 834 638 882 et
649 823 686 882 de
698 821 814 882 lumine
826 823 932 884 lumen

187 915 350 990 Exoritur,
362 913 461 974 nullus
474 913 506 973 fit
519 914 616 974 bonus
627 914 739 992 absque
751 915 845 976 bono.

516 1004 582 1067 XX
590 1004 652 1066 Vt.
710 1047 714 1058 ,

149 1098 242 1180 Quod
253 1098 441 1180 plaerumque
454 1099 527 1161 mali
541 1100 572 1159 in
583 1112 700 1160 sanctos
712 1101 815 1160 saevire
827 1101 980 1177 sinuntur,

191 1193 343 1274 Quodque
355 1192 442 1252 bonis
455 1193 540 1273 pravi
554 1213 632 1274 saepe
644 1213 754 1253 nocere
763 1206 892 1272 queunt.

150 1277 274 1365 Absque
289 1284 351 1346 Dei
360 1297 433 1346 nutu
447 1304 509 1344 non
523 1285 577 1359 fit,
591 1286 642 1364 qui
654 1285 744 1346 eorda
755 1304 880 1345 suorum

191 1377 260 1438 Hiis
272 1379 361 1440 etiam
374 1377 463 1438 bellis
473 1377 664 1461 glorificande
678 1378 796 1458 probat.

151 1470 298 1534 Crescunt
309 1472 450 1532 virtutum
462 1472 590 1552 palmes,
606 1484 800 1550 crescuntque
812 1491 955 1548 coronae,

190 1564 347 1625 Mutantur
361 1565 466 1624 mundi
481 1565 584 1646 praelia
595 1583 669 1644 pace
684 1563 754 1623 Dei.

509 1655 667 1716 XXVll.
857 1719 860 1728 .

152 1745 216 1812 Scit
229 1749 343 1834 legem,
360 1750 506 1830 docteque
517 1763 598 1812 tenet
609 1752 685 1832 jussa
699 1750 941 1830 omnipotentis,

195 1839 260 1922 Qui
274 1844 465 1924 quodnovit,
480 1863 569 1926 agens
583 1842 736 1926 diriguit,
752 1843 832 1922 quod
844 1843 916 1924 agit.
1051 1841 1052 1893 i

154 1935 228 1998 Non
242 1936 310 1996 satis
322 1950 365 1998 est
378 1936 507 1996 Domini
522 1949 708 2018 praeceptum
721 1935 841 1997 uoluere
855 1935 975 2020 lingua,

181 2029 225 2106 xls
236 2030 374 2091 meminit
384 2029 475 2113 legis,
489 2030 540 2109 qui
553 2050 673 2090 memor
684 2041 726 2090 est
740 2028 850 2109 operis.

501 2120 683 2182 XXVlll.
1050 2106 1051 2155 ¹

156 2215 267 2300 Legem
278 2228 452 2296 spernemus
464 2215 529 2276 odit
539 2235 608 2276 cum
620 2214 692 2296 legis
705 2227 840 2288 amator,

197 2305 273 2368 Non
286 2308 424 2368 homines
438 2309 519 2384 odit,
534 2307 678 2387 reprobat
693 2308 741 2382 id,
755 2307 835 2384 quod
850 2319 953 2390 agunt.

529 2399 559 2459 X
567 2398 618 2460 Xl
628 2397 665 2459 X.

158 2491 290 2557 Scrutari
303 2489 401 2574 legem
414 2506 538 2572 possunt
549 2506 697 2572 utcunque
711 2492 822 2571 quieti,

199 2582 234 2644 Si
247 2583 352 2644 mundi
366 2584 518 2663 astrepitu
532 2585 628 2647 libera
642 2587 732 2647 corda
744 2597 858 2646 vacent.
1048 2599 1049 2679 q

157 2677 203 2740 Ut
217 2699 302 2739 mens
313 2698 383 2762 ergo
397 2677 455 2758 piis
470 2678 574 2738 studiis
587 2680 698 2740 intenta
710 2678 845 2759 juvetur,

199 2769 307 2832 Praelin
321 2772 437 2833 divinus
449 2789 557 2832 carnea
566 2771 665 2834 vincat
678 2791 774 2832 amor.

159 2862 243 2926 Nam
257 2864 405 2946 templum
418 2864 549 2925 Domini
562 2886 617 2946 per
630 2884 712 2927 saera
723 2862 842 2924 silentiu
853 2863 979 2936 crescit,

202 2955 239 3018 Et
253 2957 340 3021 tacite
352 2957 474 3020 struitur
485 2977 548 3020 nou
560 2958 672 3028 ruitura
686 2959 800 3018 domus.
