2102 3846
141 320 198 386 162
335 333 481 416 lato.
515 324 588 389 El).
622 335 811 398 svm,
910 345 990 408 capp

134 427 313 509 Quinetiam
322 428 436 509 justos,
449 429 560 514 fragilis
574 432 647 492 dum
661 431 722 492 vita
737 432 849 516 fatigat.

132 519 299 597 Tutantur‚
314 521 479 602 mundique
494 525 572 586 inter
585 519 761 588 discrimina
774 536 905 587 servants

135 613 196 676 Sed
209 615 353 676 tamenin
367 618 481 679 cunctis
493 617 639 699 praecelllt
651 620 763 682 clarior
776 617 851 695 ille,

116 707 269 776 „Maxima
280 730 404 788 quaeque
419 709 479 772 Dei
494 732 556 791 quo
570 713 770 794 dispensante
779 711 920 773 ministro

133 801 198 865 Res
207 803 335 887 geritur,
350 805 537 885 summisque
550 820 637 888 parat
649 807 795 892 mysteria
810 804 914 868 causis

135 895 199 976 llic
209 896 369 957 dominnm
381 896 448 959 coeli
458 911 618 961 venturum
629 919 759 981 corpore
772 910 895 980 sumpto

134 989 273 1074 Virginis
282 990 426 1053 intactam
440 994 536 1073 jussus
549 995 687 1075 praedixit
698 994 730 1055 in
742 992 867 1070 alvum,

123 1083 287 1164 ,Sacraque
300 1085 393 1146 dotali
405 1087 571 1168 complevit
584 1088 698 1150 viscera
711 1087 818 1148 verbo.

136 1178 200 1242 Hic
213 1191 242 1239 et
254 1177 399 1260 Baptistae
409 1201 596 1261 praecurrens
608 1171 730 1243 nuntius
741 1181 865 1257 ortum,

135 1269 305 1355 Desperata
317 1271 369 1334 diu
381 1274 455 1333 dum
467 1273 560 1335 ferret
571 1275 708 1357 germina
723 1273 822 1355 patri,

136 1365 312 1428 lntersacra
322 1367 422 1428 virum
435 1368 618 1442 conterruit,
633 1380 660 1427 et
675 1367 849 1440 dubitantes

137 1457 280 1519 Protinus
293 1459 409 1540 ingrato
423 1460 573 1520 restrinxit
584 1460 615 1520 in
630 1481 683 1521 ore
696 1460 853 1541 loquelas,

107 1575 112 1592 ¹
137 1551 248 1613 Donec
260 1550 403 1631 praedicto
416 1551 575 1613 secundam
589 1555 728 1615 redderet
745 1565 815 1612 ortu

138 1642 238 1705 Prolis
251 1663 359 1719 anum,
374 1645 487 1704 multos
500 1645 609 1706 sterilis
618 1642 686 1725 quae
699 1659 780 1707 teuta
791 1667 849 1727 per
858 1656 964 1719 anuos,¹
1027 1687 1028 1692 η

138 1736 231 1798 Fudit
247 1735 385 1797 diflidens
398 1736 487 1798 effeta
502 1726 653 1822 puerpera
663 1739 768 1800 fetum.
941 1799 944 1805 ,
1028 1743 1029 1834 l

139 1829 203 1893 Hic
213 1852 315 1893 rerum
326 1831 420 1893 solers
431 1852 625 1912 summusque
637 1831 864 1916 Archangelus‚
881 1830 937 1891 alto

137 1927 219 1990 Aera
231 1927 460 2010 perliquidum,
474 1925 590 1991 levibus
604 1927 805 1990 circumdatus
816 1930 908 1998 auris,
1029 1902 1030 1984 l

138 2019 339 2102 vibratasque
352 2039 477 2084 movens
488 2020 582 2104 ignito
594 2021 627 2081 in
641 2041 771 2103 corpore
784 2035 918 2100 pennas,
993 2054 996 2067 ι

138 2115 227 2179 Nulli
240 2115 408 2196 conspectis
419 2116 456 2175 ad
470 2129 582 2177 terram
595 2115 728 2193 motibus
741 2114 824 2174 ibat:

138 2209 181 2271 Et
193 2222 258 2269 turn
268 2209 346 2268 sorte
355 2228 479 2290 gemens
491 2221 670 2271 cunctorum
682 2206 811 2269 crimina
824 2203 896 2268 Noe

139 2301 260 2363 lnllexis
271 2313 376 2361 stratus
386 2301 531 2383 genibus,
546 2321 616 2363 cum
629 2299 766 2381 supplice
778 2300 901 2381 planctu

140 2393 305 2457 Mundanis
316 2394 436 2453 veniam
450 2395 565 2453 mundo
579 2391 703 2455 nolente
716 2393 861 2474 petebat:

128 2484 223 2575 ‘Corn
236 2486 335 2546 subito
349 2484 455 2546 clausis
468 2485 584 2548 loribus
595 2501 667 2549 tunc
681 2486 774 2571 aliger
786 2485 877 2547 intrat

143 2579 352 2660 Conspicuus,
368 2576 449 2641 claro
462 2580 657 2661 resplendens
670 2582 792 2646 nuntius
804 2600 868 2641 ore.

144 2673 304 2736 Horrescit
316 2673 380 2736 visu
392 2685 475 2734 tanto
490 2675 668 2754 perterritus
681 2675 790 2750 heros,

144 2765 346 2848 Mortalisque
360 2765 463 2830 oculus
476 2787 639 2849 personam
651 2769 731 2828 serre
745 2783 905 2848 supernam

130 2858 204 2947 'Vir
214 2859 306 2932 valet;
320 2873 350 2920 et
363 2863 463 2941 pavidi
477 2863 634 2942 detorquet
648 2861 766 2924 lumina
779 2859 885 2920 vultus.

138 2953 200 3017 tlte
211 2954 370 3015 salutiferis
384 2955 518 3034 primurn
531 2953 667 3016 mulcere
679 2954 839 3015 timentem

145 3046 329 3131 Aggrediens
342 3047 458 3124 verbis,
473 3048 540 3110 coeli
553 3049 692 3109 mandata
705 3046 837 3108 ferebat:

146 3137 209 3202 Par
220 3140 273 3201 tibi
284 3167 295 3217 ‚·
308 3143 383 3224 juste
397 3142 511 3220 virum,
524 3141 700 3224 pacemtibi
711 3140 817 3202 missus
829 3136 868 3198 ab
881 3134 936 3198 alto
