2126 3848
16 370 101 444 tos.
196 363 664 464 ,ur'srunrmnrnrn
810 377 877 464 '357

14 477 87 559 »ἱςηο
100 495 197 538 mersa
209 494 283 538 cavo
296 471 403 538 vinciis
410 489 534 538 tenuere
548 477 651 540 beatis.

14 567 101 631 llelix
113 572 149 632 de
160 571 244 632 clade
256 571 358 646 locus,
372 571 420 633 cui
432 570 512 633 clara
525 570 672 655 refulgent

14 663 117 726 nmina
129 683 187 746 pro
197 665 348 726 tenebris!
362 665 395 726 in
408 687 468 746 quo
477 667 558 727 dedit
572 687 635 728 esse
650 665 820 749 perennem

14 757 60 818 lux
72 759 194 840 antiqua
206 759 288 820 diem
303 804 312 837 ‚
325 759 444 823 niveam
455 759 613 822 translatus
627 759 658 822 in
672 761 776 824 aulam'

14 849 152 929 Ecclesiae,
167 854 340 936 cunctisque
354 854 454 917 ferens
467 855 561 916 murlo
575 855 788 934 domminus,
816 937 818 942 Ι

14 939 90 1022 luam
101 949 181 1010 bene
195 969 298 1026 carcer
311 961 373 1011 erat
384 993 393 1026 ‚
404 949 646 1035 tutaconcutitur
659 943 753 1027 urbe,

14 1037 55 1118 lui
68 1041 184 1122 primus
196 1060 275 1103 nora
285 1057 364 1106 tecta
377 1056 475 1125 petat,
490 1045 578 1124 quive
592 1044 693 1106 oscula
705 1045 774 1129 figat

14 1127 149 1210 Postibus,
162 1147 192 1195 et
204 1147 281 1197 tacta
290 1148 423 1199 sacretur
436 1149 520 1217 parte
535 1137 674 1221 cylindri.

14 1221 65 1286 lan
74 1240 222 1290 nocturna
234 1229 335 1310 quies,
349 1250 405 1311 per
418 1248 547 1310 corpora
560 1249 682 1310 serpere
694 1231 771 1292 fessa

14 1313 134 1402 Ceperat
146 1367 155 1398 ,
167 1335 198 1383 et
207 1321 317 1406 exsiliit
327 1323 415 1382 tellus
428 1323 544 1383 imitata
554 1323 674 1383 ruinam

14 1405 162 1477 Visceribus
175 1433 318 1478 concussa
331 1415 394 1476 suis
408 1459 418 1492 ‚
433 1428 463 1502 et
473 1415 601 1478 claustra
612 1416 745 1480 relaxans

14 1501 77 1570 llota
87 1523 207 1594 regatur
218 1509 346 1584 humus,
360 1509 510 1590 seruisque
524 1511 698 1573 canentibus
712 1512 858 1596 hymnum

14 1597 170 1686 Tempestas
181 1603 323 1666 famulata
336 1602 410 1664 soli:
424 1604 502 1684 proh
516 1618 625 1683 quanta
638 1607 765 1686 patescis

15 1691 108 1758 Anullo
121 1699 290 1779 superanda
300 1695 388 1758 fides!
401 1697 541 1758 veniente
554 1698 670 1777 periclo

16 1781 85 1852 lena
95 1792 171 1874 fugit
184 1835 194 1866 ‚
205 1791 387 1873 geminoque
399 1799 483 1848 metu
497 1788 672 1850 discrimina
683 1805 838 1867 crescunt,

17 1875 44 1939 Ut
54 1886 176 1963 perdant
187 1893 337 1943 tormenta
351 1881 470 1944 locumt
485 1881 676 1942 tremefactus
687 1883 725 1943 ab
738 1884 802 1945 alto.

18 1969 148 2040 &cutiens
160 1996 214 2038 sua
224 1971 362 2038 membra
372 1988 441 2038 turo
453 2020 462 2051 ‚
476 1995 546 2037 cum
558 1974 655 2036 libera
669 1989 767 2037 custos

19 2063 139 2133 Cemeret
150 2084 237 2132 antra
249 2069 351 2146 necis,
364 2069 454 2153 gladii
465 2087 611 2130 mucrone
624 2079 737 2130 retecto

19 2157 41 2219 ln
50 2164 251 2248 iugulumsult
261 2163 341 2234 ferre
353 2183 496 2238 manum,
510 2162 637 2223 sednon
650 2161 720 2225 licet
733 2163 777 2224 illi

20 2249 89 2319 Paulo
98 2272 173 2322 teste
184 2258 282 2333 mori,
295 2259 378 2338 cujus
390 2257 538 2333 solamine
551 2255 644 2316 vitam

21 2343 157 2432 Repperit‚
171 2365 322 2433 atquesuu
331 2351 443 2413 meruit
456 2353 493 2412 sle
507 2371 626 2413 carcere
640 2349 738 2430 solvi,
792 2406 796 2414 Α

18 2437 246 2528 Descendensqne
259 2447 386 2507 domum
397 2445 487 2506 sacris
501 2441 634 2504 ¹fomenta
643 2445 791 2508 ministrat

20 2529 197 2617 Vulneribus,
209 2540 414 2620 liquidamque
427 2550 514 2621 parat
520 2538 578 2600 sibi
586 2539 718 2601 redditus
728 2544 838 2602 undam
850 2586 858 2617 ‚

22 2623 156 2696 Coelestem
170 2647 300 2698 tacturus
313 2653 439 2715 aquam:
456 2653 527 2695 nam
542 2633 633 2695 corde
644 2633 731 2696 saluti
753 2681 760 2694 ,
804 2649 812 2654 ·

22 2719 105 2806 ligere
118 2728 229 2791 Paulus
240 2747 358 2804 amans,
372 2735 494 2792 cunctos
506 2727 596 2789 simul
609 2747 700 2788 amne
710 2727 815 2802 liuenti

22 2809 97 2881 Diluit
107 2824 245 2900 etherei,
258 2824 353 2905 patuit
364 2823 412 2885 eui
426 2821 549 2883 luminis
561 2834 630 2882 ante

22 2907 105 2975 Gratia
117 2937 177 2978 non
186 2917 315 3000 perimi,
330 2917 424 2980 crevit
436 2930 505 2999 post
516 2917 575 2978 vita
588 2913 713 2977 renasci.

23 2999 206 3092 blandiloquis
217 3012 292 3074 olim
304 3013 390 3093 capta
402 3024 445 3072 est
452 3011 642 3072 sermonibus
653 3007 719 3069 Eva

21 3093 294 3184 ‚Decepturavirum
309 3125 389 3186 nunc
401 3106 559 3186 improbus
570 3123 623 3164 ora
635 3101 743 3186 puellae
756 3147 765 3177 ,

25 3185 73 3270 Qui
82 3209 146 3262 tunc
158 3191 278 3262 daemon
291 3199 365 3284 agit,
378 3201 517 3281 repetens
527 3198 566 3259 ari
578 3197 705 3259 crimina
719 3215 841 3270 sexum,

684 3463 694 3516 .,
752 3403 793 3484 ‘lt
