2198 3844
31 309 144 410 rust.
234 346 747 404 caumontrsscusuu.⁴
876 337 922 403 351

72 441 147 501 Hoc
155 438 275 521 jugibus
286 441 379 516 votis,
393 441 452 502 hoc
464 455 551 504 nocte
562 487 572 519 ,
584 444 691 524 dieque
703 464 881 526 precemur,
892 461 896 472 ’

35 534 117 594 illius
130 546 161 594 ut
172 533 223 592 fiat
235 532 330 608 coelo,
344 546 483 616 terraque
494 537 647 612 voluntas,

37 629 98 708 Qui
112 647 261 706 nusquam
273 626 334 686 vult
346 649 408 689 esse
421 629 519 705 nefas,
534 631 709 709 hostemque
722 645 900 711 nocentem,

37 721 137 802 thue
150 721 246 805 polo,
260 720 303 784 sic
315 721 407 802 pellat
418 723 527 799 humo,
542 745 580 786 ne
594 745 726 805 corpora
736 740 852 798 nostra,

40 821 196 904 Tanquam
208 821 267 882 vile
281 822 398 897 solum,
413 822 573 885 saevussibi
584 823 720 884 vendicet
734 823 859 906 hydrum

44 915 110 992 Sed,
126 918 179 997 qui
192 927 297 977 cuncta
309 915 504 996 fovet,plena
517 916 626 996 pietate
640 917 810 978 redundans

41 1007 243 1092 Omnipotens
254 1010 367 1070 animas
379 1011 492 1091 pariter
505 1005 675 1085 conservet,
689 1021 718 1072 et
731 1023 832 1072 artus:

38 1103 138 1164 Altera
149 1124 220 1185 pars
233 1103 345 1164 etenim
358 1102 425 1168 coeti
439 1125 554 1180 sumus,
569 1103 661 1164 altera
672 1117 776 1166 terrers

75 1199 241 1259 Annonam
255 1197 329 1269 fidei
336 1218 491 1280 speramus
502 1197 700 1279 pane‘diuruo
713 1239 727 1271 ,-

38 1289 85 1353 Ne
96 1314 184 1353 mens
197 1303 298 1352 nostra
310 1291 427 1356 samem·
435 1292 579 1354 doetrinae
592 1291 699 1351 sentiat
709 1307 841 1370 uuquam
854 1333 863 1365 ,

44 1386 69 1444 A
85 1383 316 1468 Christojejuna
328 1405 397 1462 suo,
412 1387 462 1464 qui
476 1404 625 1466 corpore,
641 1397 670 1445 et
683 1403 736 1444 ore

39 1479 67 1538 N
71 1501 103 1539 os
111 1492 239 1554 saturat,
252 1479 340 1539 simul
350 1479 413 1561 ipse
422 1499 545 1540 manens
553 1480 756 1557 verbumque,
768 1476 928 1558 cibusque„
975 1519 979 1526 -

39 1573 147 1637 Dulcia
159 1592 232 1633 narn
245 1571 373 1634 Domini
385 1573 494 1634 uostris
507 1574 538 1658 in
552 1572 684 1635 faucibus
693 1569 810 1654 haerent
895 1619 903 1636 ,

39 1664 189 1746 Eloquia,
203 1679 434 1747 exsuperantque
448 1667 546 1741 faros,
561 1680 648 1746 atque
662 1666 765 1726 omnia
776 1654 878 1726 'melta

77 1758 193 1820 Debita
206 1759 295 1819 laxari
306 1761 356 1840 qui
370 1760 458 1821 nobis
471 1773 575 1822 cuncta
589 1779 743 1842 rogamus,

40 1853 66 1912 N
71 1875 105 1913 os
118 1873 240 1933 quoque
253 1853 383 1912 laxemus
397 1875 404 1924 3
421 1853 539 1936 proprii
550 1873 621 1914 uam
635 1852 732 1914 cautio
745 1851 829 1912 reriri
859 1872 863 1879 ·

40 1945 231 2026 spondentes
244 1946 398 2006 manifesta
412 1959 510 2020 tenet,
528 1947 702 2028 graviusque
717 1943 806 2004 soluti

39 2037 219 2113 Nectimur,
234 2037 353 2098 alterius
366 2039 389 2098 si
404 2038 518 2099 solvere
532 2037 630 2100 vinela
642 2057 785 2118 negamus
795 2057 813 2108 ς4

41 2131 229 2213 incipietque
241 2131 307 2212 pius
321 2131 417 2192 decies
429 2131 553 2191 millena
564 2130 683 2190 talentu.

41 2223 206 2285 Dimittens
215 2223 386 2300 Dominus,
400 2226 424 2284 si
437 2245 493 2285 nos
505 2221 776 2307 affligerepropter

40 2315 191 2378 Denarios
202 2325 321 2378 centum
336 2338 512 2393 conservum
523 2317 648 2378 senserit
659 2317 754 2404 ullum
764 2360 774 2391 ‚

41 2407 172 2472 Tradere
187 2409 347 2471 confestim
359 2411 541 2485 tortoribus,
556 2411 647 2490 inque
661 2410 756 2472 feroci

45 2503 173 2566 Carcere
188 2503 339 2564 constricti
350 2503 748 2584 non-permittemurabire,
792 2515 794 2522 “

44 2593 149 2659 Donec
162 2608 269 2658 cuncta
280 2596 403 2665 brevem
410 2597 707 2676 reddamusadusque
715 2597 920 2678 quadrantem

81 2689 154 2750 Non
168 2688 308 2767 quiauos
320 2687 496 2765 Dominus,
505 2689 578 2750 lucis
592 2693 638 2749 ria
649 2680 778 2763 ,semita
788 2688 889 2769 pacis,

44 2780 76 2842 iu
90 2781 213 2860 laqueos
224 2781 364 2841 tentantis
377 2794 458 2864 agat,
473 2783 525 2842 sed
539 2802 607 2843 eum
622 2781 700 2842 maia
712 2794 813 2842 nostra

44 2872 180 2948 Deserit,
195 2873 240 2933 ire
253 2873 341 2934 sinit:
355 2894 425 2935 narn
439 2875 571 2956 quisquis
585 2875 658 2936 retia
671 2875 775 2936 muudi

43 2964 196 3028 Deiiciosa
208 2985 350 3044 sequens,
366 2965 462 3040 luxus,
477 2978 507 3028 et
518 2969 623 3050 gaudia
634 2968 750 3029 blandae

46 3056 227 3119 Perditionis
239 3071 336 3130 amat,
352 3057 437 3120 Deus
449 3059 545 3135 huuc,
559 3061 674 3123 virtutis
688 3073 821 3138 amator,

45 3149 183 3234 Linquit,
199 3163 229 3214 et
242 3152 423 3235 ingreditur,
438 3173 495 3234 qua
508 3173 538 3216 se
551 3157 673 3215 tentatio
688 3155 777 3218 ducit.
