2126 3848
27 347 117 411 106.
159 391 164 398 .
257 358 510 416 russonum
544 363 630 415 nun.
662 361 705 417 11.
846 351 905 444 357

14 455 145 539 espiee
153 471 246 533 quam
253 453 382 534 proprio
390 465 517 517 'maneas
529 457 658 518 obnoxia
670 459 750 542 regi,

20 572 41 612 e
55 567 187 632 percas
198 590 208 623 ,
221 546 460 627 vultipsemori:
471 562 539 631 post
552 551 646 611 tristia
655 550 730 613 lecta

24 641 202 704 uinetiam
215 641 336 701 custode
349 641 419 702 dato
433 640 549 725 signare
561 644 734 726 sepulcrum

18 739 40 798 d
52 734 236 820 geminum
246 725 368 796 volvere
380 735 480 812 nefas,
496 735 694 819 Dominoque
704 751 839 819 paratam

0 829 159 915 urgenti
175 829 320 890 damnare
329 828 409 889 viam
419 837 432 889 ε’
440 849 498 910 pro
509 851 585 892 caeca
599 831 755 910 voluntas,

1 973 2 980 ,
28 948 82 986 uae
98 934 201 1004 putat
210 935 355 996 aeternum
369 923 490 1003 mortali
502 923 567 1008 lege
578 926 694 1003 teneri,

24 1033 37 1078 t
51 1021 131 1080 non
147 1035 241 1098 posse
253 1016 310 1076 sibi
325 1029 394 1096 post
406 1016 512 1080 funera
524 1020 651 1080 reddere
664 1021 822 1097 membra,

4 1118 19 1167 Ι
31 1115 66 1174 ui
82 1111 190 1172 toties
201 1108 297 1170 aliena
307 1109 404 1186 levat,
419 1112 598 1171 meministis
611 1113 648 1174 ab
661 1135 714 1175 ore

0 1212 22 1261 tt
33 1205 179 1270 avidicae
195 1223 335 1264 resonare
348 1203 434 1285 lyram
448 1217 589 1290 corrupta
601 1206 714 1266 vetabis

26 1315 167 1365 anctum
181 1317 273 1360 nosse
284 1310 388 1370 tuum3
411 1309 568 1379 poteratne
582 1297 613 1357 in
626 1298 749 1378 pulvere
764 1298 835 1368 lethi
898 1297 902 1306 '

2 1395 114 1458 Ferre
130 1391 262 1453 moras?
274 1391 324 1470 qui
338 1391 397 1452 vita
411 1403 511 1452 manet
524 1393 640 1470 i'quem
654 1393 773 1453 suscitat
787 1383 890 1454 auctor

4 1489 66 1550 Nil
81 1487 216 1573 patiens
229 1484 266 1546 dc
279 1497 376 1546 morte
389 1483 474 1546 Deus
485 1509 493 1545 ε
504 1504 588 1546 mors
604 1485 733 1566 denique
744 1487 822 1548 victa
834 1501 897 1564 est,

6 1581 182 1645 Vincendi
195 1591 372 1662 transgressa
382 1580 524 1654 modum,
539 1601 604 1658 quae
618 1580 716 1661 judice
728 1593 806 1644 tacto

14 1675 183 1758 Linquere
198 1674 275 1754 jussa
286 1693 373 1746 reos,
386 1673 490 1754 spoliis
503 1685 623 1734 vacuata
638 1675 765 1735 vetustis

12 1771 76 1832 Per
90 1789 151 1832 sua
165 1765 250 1828 bella
261 1767 355 1835 caditt
371 1765 552 1845 veniensque
564 1765 721 1850 absolvere¹
731 1768 846 1830 vinctos

11 1865 93 1927 Non
110 1861 294 1924 retinendus
311 1872 390 1920 erat:
405 1858 584 1944 sorsultima
597 1859 686 1940 coepit
698 1861 801 1938 averni
857 1879 859 1886 ·

11 1960 93 2024 Jam
108 1957 178 2018 vita
194 1967 339 2035 praesente
352 1953 450 2028 mori,
466 1974 589 2033 quaeque
603 1953 706 2012 omnia
719 1953 849 2018 subdens

16 2055 103 2114 Ante
119 2048 184 2111 suit
196 2091 205 2122 ‚
219 2060 288 2114 tuuc
301 2048 367 2130 ipsa
380 2047 479 2128 perit,
493 2048 651 2126 tr.duoque
663 2058 784 2126 peracto
799 2041 804 2050 '

18 2145 118 2208 Lucis
126 2145 194 2204 iter
206 2139 286 2222 quod
297 2141 367 2204 lecit
378 2142 438 2202 adit
448 2165 454 2202 :
464 2160 524 2223 quo
536 2152 598 2224 tota
612 2140 738 2223 resurgit

21 2240 58 2300 ln
73 2235 345 2298 Dominonatura
358 2256 430 2308 suo;
446 2237 483 2296 <le
494 2235 559 2318 lege
572 2233 679 2295 videtis
734 2229 737 2234 ’

22 2331 140 2394 laxari
154 2348 220 2390 non
233 2350 320 2412 posse
333 2351 437 2392 neces:
451 2329 532 2416 hunc
543 2329 666 2410 quaerite
681 2373 690 2404 ,
707 2331 790 2413 eujus

27 2423 194 2510 Sanguine
207 2424 341 2485 mundati
351 2445 442 2507 regno
453 2423 697 2486 sociamurluerili
709 2469 719 2500 ‚

26 2519 66 2580 lu
80 2520 174 2601 cujus
181 2517 242 2598 jam
251 2531 335 2598 parte
342 2538 459 2592 sumus,
470 2517 525 2576 sub
534 2517 762 2600 pignorecaruis

31 2611 145 2694 Quam
160 2609 255 2672 voluit
267 2615 388 2693 portare
400 2609 501 2683 Deum
517 2623 588 2674 tunc
598 2613 737 2694 dogmata
748 2611 893 2692 quosdam

29 2706 188 2770 Ecclesiae
199 2705 268 2764 dant
282 2705 428 2768 istariros
438 2713 447 2782 ζ
459 2718 578 2766 vetuere
589 2705 723 2788 loquelas
738 2695 739 2700 ¹

30 2799 182 2862 Ulterius
195 2797 332 2879 prolerre
343 2799 425 2880 pias:
439 2819 458 2859 o
472 2803 593 2881 semper
608 2795 723 2874 inanis,
822 2803 825 2808 '

33 2881 694 2974 Oneritistodaea'tibitquiesemiuavius,
815 2887 818 2894 '
888 2889 891 2898 '

31 2987 88 3050 Ne
103 2988 224 3048 fluctus
235 2985 344 3049 afferre
359 3007 464 3067 queas3
481 2987 587 3068 quibus
597 3005 650 3048 ore
665 2971 810 3068 magistro·

36 3081 158 3143 Paulus
169 3079 227 3140 ait:
240 3099 292 3140 vos
306 3081 359 3141 ista
370 3081 491 3160 quidem
501 3102 510 3152 ;
521 3099 574 3141 vos
587 3099 672 3140 nosse
681 3080 809 3140 deceret.

39 3173 180 3239 Astaliis
189 3171 249 3237 hoc
260 3172 364 3240 lumen
375 3175 449 3250 erit;
464 3193 534 3237 uam
544 3173 655 3255 scripta
668 3169 818 3286 litentur,

709 3299 713 3304 ·
752 3286 787 3322 :lt
