2126 3848
205 259 647 320 EPIGRAMMATA.
816 279 872 340 297

60 349 156 413 Omnia
168 357 345 418 conveniunt
357 371 495 440 tempora
501 361 633 441 justitiae.

37 439 81 506 Nec
91 463 308 529 corrumpuntur
322 452 479 514 virtutibus
492 454 552 514 otia
565 468 682 530 sancta,
732 499 738 504 -

60 542 169 605 lautum
182 566 198 604 a
210 549 337 628 peccatis
348 547 444 608 libera
457 549 547 610 corda
560 561 675 612 vacent

330 639 543 700 LXXXVI.

37 725 139 790 Libertas
148 732 226 792 nulla
238 747 282 794 est
293 734 406 814 major,
420 733 566 794 meliorve
580 747 727 815 potestas,
812 722 813 730 ἵ
832 803 835 811 ᾗ

64 821 146 900 Quam
157 828 264 887 servire
276 825 365 900 Dee,
382 829 429 888 cui
443 829 521 888 hene
533 829 622 888 servit
636 849 733 890 amor.

37 913 125 995 ubsque
135 919 198 1002 jugo
211 921 307 1000 posita
318 935 362 981 est
374 922 603 982 ditionis-*amica
616 923 770 999 voluntas,
787 961 789 966 -
821 989 824 995 ,

65 1007 124 1088 Quae
135 1014 207 1096 viget
218 1013 344 1088 affeetu,
359 1037 422 1075 nou
435 1015 528 1096 gemit
541 1016 683 1096 imperio.¹
736 1017 742 1030 '

318 1106 558 1168 LXXXVII.

42 1189 213 1308 Quaprimmn
227 1200 260 1260 in
274 1214 374 1262 morte
395 1215 438 1262 est
451 1201 545 1260 homo
559 1201 660 1280 pulsus
675 1201 777 1307 fraude
791 1203 880 1264 mali-

163 1295 229 1376 gni,

69 1381 137 1446 Hane
149 1385 190 1446 illi
204 1399 367 1462 extremam
381 1386 460 1448 bella
472 1399 605 1478 peraeta
606 1401 751 1448 movent.

41 1471 69 1535 Su
70 1476 155 1540 blimes
167 1493 195 1541 ut
208 1501 278 1542 cum
291 1479 423 1560 palmas,
439 1481 590 1559 clarasque
605 1502 732 1543 coronas

69 1568 228 1654 sumpserit,
247 1587 334 1652 atque
348 1573 465 1662 hostem
478 1572 642 1634 subdiderit
654 1577 788 1655 pedibus

40 1657 123 1725 Virtuti
133 1669 259 1748 propriae
271 1666 343 1726 velit
354 1668 500 1749 assignare
515 1667 718 1746 triumphum,

68 1755 125 1820 Nou
134 1759 288 1835 Domino,
303 1761 384 1840 cujus
400 1780 531 1865 ιιιιιιιιιεἰ
541 1780 674 1840 opusque
689 1761 752 1824 fuit.

42 1844 66 1906 lu
77 1873 121 1928 quo
133 1873 322 1933 uno-semper
332 1866 469 1933 superat,
482 1853 532 1932 qui
546 1873 608 1911 non
619 1866 794 1934 superatur,
869 1899 871 1902 .

72 1942 126 2022 Quo
138 1948 271 2030 dignante
283 1965 374 2006 manu
386 1947 533 2018 subdere,
549 1966 639 2004 nemo
653 1947 740 2006 cadit.

45 2031 156 2117 ancipitis
166 2042 231 2102 vitae
245 2039 296 2118 qui
307 2040 351 2100 vis
364 2060 504 2121 superare
519 2039 655 2112 labores,

75 2125 168 2216 Dilige,
181 2134 263 2213 quod
276 2153 397 2212 semper
409 2154 496 2192 verus
508 2145 626 2192 amator
639 2131 736 2194 habet.

45 2215 127 2284 Instant
136 2226 256 2288 terrenis
268 2225 372 2287 infesta
384 2226 517 2305 perleula
531 2226 627 2285 rebus.
788 2299 790 2303 Ι

77 2314 183 2403 Fervent
198 2341 256 2403 pro
269 2319 385 2380 damnis
398 2319 517 2399 praelia,
535 2340 650 2400 proque
664 2320 762 2384 lucris.
802 2345 808 2352 ’

49 2404 77 2466 Ει
86 2410 142 2472 nihil
154 2428 194 2476 est
205 2417 284 2475 inter
297 2412 429 2475 carnalia
440 2426 508 2474 vota
520 2415 675 2492 quietum,

77 2498 127 2566 Nec
137 2529 187 2588 pax
199 2507 357 2580 sollicitis,
367 2527 423 2568 nee
436 2508 542 2567 modus
555 2520 596 2567 est
609 2507 734 2588 cupidis.

47 2588 73 2652 ln
82 2596 131 2657 tulo
143 2614 181 2662 est
192 2623 279 2662 mens
289 2613 349 2662 tuta
363 2597 434 2660 Deo
441 2621 553 2679 ‚quem
569 2600 703 2679 linquere
716 2601 840 2677 nolens,

75 2686 215 2772 Nunquam
232 2696 289 2756 erit
301 2708 414 2755 aeterno
426 2715 488 2772 non
501 2694 644 2775 opulenta
654 2694 746 2754 bonu.

280 2766 578 2848 LXXXVIII.
651 2783 654 2786 ’
821 2857 824 2864 Δ

47 2867 134 2958 lungua
143 2882 308 2944 assentatrix
320 2882 425 2942 vitium
442 2881 592 2961 peccantis
605 2895 740 2958 acervat,
796 2946 802 2959 A
827 2871 832 2876 ”
875 2881 876 2885 ’

78 2965 109 3028 Et
119 2974 287 3038 delectatum
298 2995 442 3047 crimme
455 2974 540 3034 laude
552 2972 630 3056 lugat
865 2979 868 2988 '

49 3055 160 3132 Nullast
170 3085 200 3132 ut
212 3070 295 3152 lapso
307 3069 488 3156 reparanda>
492 3087 562 3130 cura
572 3067 693 3144 salutis,
732 3159 752 3219 6

714 3183 730 3220 2
