2126 3848
184 325 257 411 ³70'
410 323 586 393 suerunt
613 333 852 389 arosromon,
946 321 1022 409 uqi.

186 430 352 513 Corporis,
363 443 453 511 atque
465 432 574 492 animo
585 427 911 510 commissus-partitus
920 441 981 491 eno

184 526 297 588 Plenus
306 525 421 601 homo,
435 527 487 586 sed
498 543 579 586 nunc
591 523 696 584 studiis
707 525 978 603 diversasequentet

184 618 288 680 Ambo
301 618 424 693 volunt,
438 620 519 697 quod
530 629 637 678 neuter
646 617 750 678 habet:
759 635 813 678 ras
821 617 1028 700 luminepienon

185 710 294 774 Subdit
305 725 466 790 utrumque
479 710 550 770 Deo
561 731 569 770 ε
582 711 672 771 rideo
683 709 837 786 olamans,
854 730 921 773 earo
931 712 1003 772 nenti

184 804 289 886 Quam
299 806 337 866 sit
347 805 450 884 iniqua
464 824 557 879 meae,
570 824 731 884 rursusque
743 803 983 880 salubriterinit‚

180 898 255 960 Nou
266 898 393 980 propria
403 899 441 956 de
454 909 540 977 parte
549 898 634 980 geri,
649 899 731 976 quod
742 897 841 980 gratia
855 899 959 972 donat,

184 991 258 1054 Hoc
268 990 456 1054 celebremus
468 991 544 1066 iter,
561 992 622 1052 vita
634 991 704 1070 quia
720 989 881 1067 Christus,
894 1005 924 1052 et
932 991 984 1074 ipre

185 1083 225 1150 Se
238 1096 324 1148 votat
337 1102 400 1146 este
413 1084 509 1159 dam,
523 1105 581 1166 por
593 1105 624 1146 se
636 1085 810 1168 gradiamur
822 1098 856 1148 nt
865 1086 903 1146 ad
914 1105 957 1156 set

184 1177 352 1258 Sanctaque
363 1197 403 1238 ne
416 1177 544 1257 pedibus
555 1178 650 1259 possit
662 1198 777 1240 casare
790 1180 935 1253 lucerna,

181 1271 287 1334 Praeoo
298 1272 382 1330 datus
392 1271 462 1336 fidei
475 1271 595 1350 vestigia
608 1273 740 1353 suggerit
751 1275 834 1334 orbi.

224 1364 324 1426 Attiou
335 1361 490 1424 discedens
499 1364 561 1443 jam
573 1361 702 1441 liquerat
715 1366 839 1447 agmina
852 1365 953 1428 Paulus

185 1456 325 1537 Eioquiis
337 1468 475 1536 superata
481 1455 560 1537 piis,
573 1455 758 1536 bimarisque
771 1457 924 1544 Cocynthi

185 1549 302 1614 Moenia
314 1551 416 1630 juncta
427 1563 532 1630 petens
542 1549 723 1630 populosam
734 1554 876 1633 repperit
888 1550 990 1621 urben,

186 1641 266 1723 Quae
276 1641 346 1702 lieet
357 1641 466 1702 alterni
478 1643 664 1725 contingeret
675 1645 806 1726 aequoris
819 1648 928 1721 undas,

187 1733 354 1816 Perpetuos
365 1733 485 1795 sitiebat
495 1755 604 1814 aquas3
617 1736 662 1796 ibi
676 1734 823 1800 Ponticus
837 1739 890 1800 ille

126 1843 129 1850 ·
189 1827 302 1909 Aquila
312 1839 383 1889 tuno
394 1843 564 1910 praeceptor
577 1843 658 1904 erat,
671 1831 717 1890 vir
728 1830 864 1912 piurima
877 1829 960 1892 landis

167 1978 172 1986 .
186 1923 389 1994 Instrumenta
400 1941 524 2006 gerens,
540 1925 623 2005 cujus
634 1945 666 1984 se
680 1921 791 1984 Paulos
803 1926 906 1988 amico

191 2016 328 2081 Contulit
341 2017 491 2097 hospitio,
504 2017 617 2078 sociam
631 2018 765 2100 dignatus
776 2019 864 2080 adire

187 2112 270 2172 Artis
280 2130 383 2172 amore
393 2112 539 2180 domnum
555 2127 626 2170 nam
638 2110 816 2173 scenifactor
829 2125 949 2190 uterque

193 2202 353 2266 Poliebant
364 2204 466 2284 operis
477 2205 596 2278 studiis,
610 2215 639 2264 et
651 2205 790 2287 dogmate
799 2204 883 2289 legis

192 2295 329 2360 Christus
339 2297 397 2368 ait,
412 2315 492 2356 nunc
504 2295 596 2356 Paule
608 2298 704 2370 doce,
717 2319 780 2358 non
791 2291 971 2358 obriat'uilus

191 2388 246 2450 Me
259 2389 421 2450 comitante
430 2389 504 2461 tibi,
519 2409 585 2466 qnae
594 2389 632 2450 sit
643 2388 719 2448 mihi
733 2391 884 2451 moenibus
894 2385 949 2448 istis

193 2480 297 2553 Turba
308 2480 389 2540 vides
400 2523 409 2553 ,
420 2480 521 2540 insiste
534 2481 680 2561 loquens,
693 2501 747 2565 ego
760 2494 885 2564 pectora
892 2481 983 2544 firmo,

191 2575 252 2638 lata
264 2585 389 2650 mouent
400 2571 498 2633 nullos
509 2593 640 2654 nuquam
651 2577 688 2636 de
701 2595 826 2637 munere
837 2575 922 2636 tardo

186 2666 285 2732 ¹Posse
298 2666 401 2747 queri,
413 2667 502 2751 gratis
513 2670 595 2747 qnod
607 2669 823 2730 dntoiementia
837 2662 952 2729 Christi·

192 2760 287 2825 Tecta
299 2760 354 2824 sub
363 2761 503 2845 ambiguo
516 2761 654 2822 lateatne
665 2762 742 2822 sorte
753 2761 845 2844 figma
857 2805 866 2837 ‚

194 2855 267 2934 Qua
276 2854 394 2915 dabitur
405 2856 521 2916 ratione
529 2873 651 2931 uanam,
665 2857 703 2916 de
712 2855 838 2916 nomine
851 2871 925 2934 supe

193 2946 377 3030 Argumenta
389 2947 486 3023 trahi,
501 2947 737 3029 ddcumentaqne
748 2948 876 3007 maxima
885 2941 955 3027 gigni

196 3037 359 3121 Scriptum
371 3042 507 3106 cecinere
516 3043 590 3122 piro:
604 3045 684 3123 juvat
694 3041 781 3102 altius
791 3059 862 3122 ergo

199 3131 343 3211 Quaerere
354 3175 364 3209 ‚
375 3136 426 3213 qni
441 3134 535 3196 Panlo
547 3152 632 3196 carus
644 3132 950 3216 conjungitnritnsptt.
