2198 3844
52 325 171 392 mss.
287 337 735 394 cnnnsursscnlnn.
903 331 944 394 23

52 433 135 495 Tam
149 451 258 494 vacuus
270 452 375 508 sensu,
389 434 472 514 justa
484 454 574 513 qnam
592 447 731 515 tempore
743 454 852 515 poenae,

54 525 233 588 Visceribus
246 525 335 602 lusis,
350 533 458 589 racuns'
471 549 590 608 quoquc
600 539 703 588 ventre
718 528 870 591 remansit.

56 619 215 694 Demens,
227 621 366 701 perpetui
379 621 429 699 qui
442 642 504 683 nou
518 622 662 704 imitanda
672 622 805 702 parentis

56 713 152 786 Jnra,
166 715 349 775 cadnccmm
362 716 501 797 gradibus
511 715 663 776 simulavit
675 715 835 778 bonorum.

58 803 201 885 Namque
213 805 352 868 homines
365 808 443 868 inter
454 821 556 870 natum
567 808 702 892 genitore
715 808 867 872 minorem

62 897 117 961 lex
130 899 260 962 camalis
269 899 376 976 habet,
391 903 534 980 quoniam
549 915 633 984 pater
645 902 710 983 ipse
724 904 857 984 parentis
915 892 919 912 '

59 991 153 1054 Filius
165 1006 236 1054 anta
249 993 322 1054 suit:
336 1014 406 1055 mox
419 998 513 1075 etqui
527 996 605 1058 tilius
616 1009 661 1057 est
670 1017 773 1070 nunc,

57 1084 175 1148 Alloret
187 1107 251 1148 esse
262 1101 362 1167 pater;
377 1088 420 1150 sic
430 1111 486 1170 per
496 1111 588 1173 genus
601 1111 695 1164 omne
705 1103 851 1171 nepotum

54 1175 82 1238 lt
94 1200 171 1242 nova
189 1181 362 1262 progenies,
377 1194 407 1243 et
419 1183 466 1250 ari
479 1196 677 1244 numerantur
689 1203 824 1244 avorum.

55 1271 95 1332 At
107 1272 278 1349 Dominus,
293 1275 418 1336 verbum
430 1319 439 1351 ,
451 1277 562 1348 virtus,
575 1276 737 1356 sapientia,
754 1274 908 1361 Christus,
933 1307 941 1322 =

55 1362 94 1426 Et
103 1378 203 1430 totum
215 1379 376 1430 commune
386 1367 501 1444 l'atris',
513 1370 549 1428 de
563 1367 678 1430 lumine
690 1367 811 1443 lumen,

54 1455 103 1519 De
115 1459 183 1520 solo
197 1460 294 1536 solus,
308 1462 356 1524 cui
370 1483 426 1524 nec
439 1463 539 1522 minus
550 1473 593 1522 est
609 1459 697 1522 Patre
711 1462 894 1542 quidquam,

53 1545 138 1627 Nee,
149 1555 455 1632 quocrescat,habet,
468 1557 598 1638 genitus,
609 1575 671 1615 non
680 1555 794 1635 quippe
803 1569 939 1634 creatus,

52 1642 122 1726 lpse
135 1659 181 1707 est
194 1646 396 1728 principium:
410 1667 481 1708 nam
493 1649 567 1710 siunt
581 1647 677 1710 clarus
687 1647 815 1709 habetur

2 1815 3 1826 ἵ
52 1737 87 1798 ln
99 1740 238 1822 genitore
250 1760 390 1814 manens,
403 1742 522 1824 genitor
534 1762 653 1822 quoque
664 1741 760 1803 clarus
773 1743 805 1801 in
820 1742 886 1823 ipsa

51 1829 234 1908 Permanet,
249 1847 277 1893 et
288 1855 389 1896 rerum
402 1841 546 1916 caput‘est
559 1834 643 1896 Deus
656 1855 731 1894 unus
743 1834 865 1914 ubique.

52 1917 124 1986 Non
137 1927 268 2007 quiaqui
278 1948 412 1990 summus
424 1941 509 2010 pater
520 1942 583 2004 est,
596 1941 624 1988 et
636 1928 713 1989 filius
725 1928 775 1989 hic
788 1940 848 2004 est,

52 2015 112 2081 Sed
123 2021 197 2100 quia
206 2023 287 2100 quod
298 2027 527 2104 summus-pater
540 2035 601 2097 est,
613 2034 642 2083 et
656 2022 734 2082 lilius
745 2021 804 2084 hoc
815 2034 868 2082 est.
885 2032 892 2050 ⁸
954 2091 959 2098 x

52 2109 101 2176 Sic
112 2115 154 2174 ait
163 2115 228 2196 ipse
242 2117 372 2177 docens:
386 2115 452 2201 Ego
464 2117 496 2176 in
511 2115 619 2191 Patre,
633 2128 663 2176 et
677 2113 766 2174 Pater
775 2115 806 2174 in
819 2135 870 2176 me
879 2129 933 2178 est.

51 2205 188 2269 Rursus:
203 2205 286 2291 Ego,
301 2222 388 2290 atque
404 2210 493 2270 Pater
500 2229 594 2269 unum
602 2227 711 2270 sumus.
723 2206 829 2270 Arrius
838 2229 935 2272 unum

50 2298 150 2366 Debet
160 2302 255 2380 seire,
269 2293 428 2385 sumusque
438 2302 587 2366 Sabellius
600 2303 839 2365 essevfatendum.

50 2394 106 2458 lste
118 2398 215 2460 fidem·
222 2399 351 2475 trinam,
366 2412 409 2461 ast
421 2399 471 2461 hic
482 2418 545 2460 non
556 2397 746 2480 amplectitur
758 2418 860 2458 unam.

50 2487 150 2553 Ambo
164 2512 266 2553 errore
277 2513 382 2574 pares,
396 2512 565 2573 quanquam
577 2492 692 2554 diversa
702 2493 879 2573 sequantur3

53 2583 191 2664 Qualiter
201 2587 307 2648 assueti
320 2586 416 2648 varias
426 2588 593 2669 producere
601 2599 709 2659 sectas,

51 2674 231 2762 lmpugnant
242 2699 294 2740 sua
306 2681 384 2742 dicta
397 2680 472 2758 riri,
485 2682 536 2760 qni
547 2680 668 2742 brachia
681 2679 768 2740 nudis

52 2770 212 2846 Ostentant
224 2787 322 2836 exerta
333 2775 484 2850 humeris,
496 2775 541 2835 nil
555 2776 670 2836 tradere
684 2773 781 2849 docti,

51 2862 107 2928 Sed
118 2879 236 2932 tanturn
248 2881 360 2937 certare
373 2869 446 2945 cati,
462 2868 620 2950 prudentia
632 2888 762 2949 quorum

50 2956 141 3023 Stulta
152 2963 249 3045 jacet,
263 2964 333 3044 quia
342 2983 418 3026 rana
430 2963 500 3026 Deo
514 2976 558 3024 est
570 2963 715 3044 sapientia
725 2961 842 3024 mnndi.
898 2987 902 2994 ·

5 3129 6 3140 ἵ
50 3051 108 3118 llic
121 3056 255 3137 loquitur
267 3059 375 3136 nimis,
389 3058 441 3120 ille
454 3070 545 3131 tacet,
560 3057 609 3120 hic
624 3056 775 3132 ambulat,
789 3057 840 3124 hic
849 3067 905 3141 stat
912 3077 922 3129 =;
936 3069 939 3076 '

5 3149 6 3152 ’
48 3145 131 3214 Alter
142 3163 225 3214 amat
235 3149 337 3232 fletus,
351 3149 427 3216 alter
440 3151 571 3236 crispare
585 3151 781 3229 cachinnum,
