2126 3848
237 333 667 398 urrunnunaru.
835 352 889 417 291

71 430 207 510 Quosdam
221 436 293 498 odio
306 438 411 520 dignos
423 438 533 518 judicat
547 457 609 499 esse
622 457 676 499 suo
686 459 704 510 3-

40 521 91 584 Nec
100 538 188 588 tamen
201 529 256 590 hus
270 541 332 592 toto
345 531 470 613 depellit
481 531 610 606 saedere,
624 552 731 615 gnarus

70 617 196 682 Naturam
210 637 363 684 errantum
375 625 509 687 dividere
523 627 651 700 avitiis,

40 705 77 770 Sic
86 717 172 794 generi
186 717 340 801 indulgens
353 719 481 801 proprio
492 763 501 793 ,
514 733 545 780 ut
559 732 681 800 peccata
696 719 789 794 recidi

69 803 166 888 Optet,
179 825 206 870 ec
220 825 251 870 ut
264 813 387 873 damnet
399 813 547 888 crimina,
561 833 625 875 nou
638 812 790 874 homines.

379 904 443 964 Lx
453 904 466 963 l
478 905 516 966 X.

41 986 143 1054 Fallaces
155 1015 273 1078 semper
286 999 366 1060 curis
379 1011 555 1078 torquemur
566 1000 693 1068 amaris,

71 1081 101 1145 Et
109 1089 178 1150 mala
190 1112 275 1152 meus
288 1111 443 1170 nunquam
458 1095 563 1177 gaudia
575 1095 656 1174 pacis
667 1095 772 1166 haben
841 1107 842 1112 ’

46 1173 141 1242 lubrica
153 1185 221 1244 <lum
235 1187 356 1267 trepido
370 1187 527 1247 mendacia
538 1187 684 1268 plasmate
696 1188 780 1270 fingit
871 1257 879 1275 ⁴

76 1269 238 1338 Consumens
248 1291 347 1339 totum
360 1292 479 1361 tempus
492 1281 524 1338 in
538 1293 600 1340 arte
615 1281 703 1340 mali:
718 1309 722 1314 ·
812 1323 817 1330 -
952 1274 958 1286 Χ

42 1361 71 1422 lc
78 1365 181 1449 simplex
190 1372 326 1449 animus,
341 1373 507 1434 commenti
520 1385 549 1433 et
561 1372 640 1434 liber
654 1374 748 1454 iniqui
761 1418 771 1450 ,

70 1455 111 1518 Nil
121 1477 192 1525 amat
203 1466 364 1549 injustum,
377 1467 420 1527 nil
431 1469 507 1550 gerit
520 1468 727 1552 implacidum.

43 1544 144 1616 Sectator
153 1561 213 1620 veri
227 1561 361 1642 potietur
373 1561 440 1623 luce
453 1582 576 1636 serena,

69 1644 109 1707 Fu
119 1656 252 1730 quoniam
263 1656 412 1730 mendax,
427 1677 563 1736 noxque,
576 1657 723 1737 dolorque
737 1657 805 1718 sibi.

388 1748 503 1810 Lxx.

43 1825 74 1888 dd
85 1840 192 1913 patriam
204 1842 273 1904 vitae
287 1844 326 1903 de
337 1842 434 1906 noctis
446 1842 525 1904 valle
538 1845 654 1925 vocati,

70 1921 199 1995 Virtutum
210 1937 351 2020 gradibus
363 1937 494 2012 scandite
508 1938 583 1998 lucis
596 1939 670 2009 iter;

44 2011 142 2100 Arduus,
155 2041 238 2110 atque
248 2044 349 2093 arctus
359 2031 417 2092 lert
428 2023 466 2092 ad
479 2031 609 2093 coelestia
621 2030 722 2103 callis,

72 2109 167 2184 [levem
178 2126 214 2185 ad
227 2139 359 2187 mortem
373 2126 473 2209 ducit,
487 2137 517 2184 et
527 2123 630 2204 ampla
643 2125 711 2199 via,

47 2197 96 2279 Qua
106 2210 178 2277 fallax
189 2220 297 2281 tumidi
312 2211 424 2280 incedit
436 2216 582 2298 sapientia
594 2217 719 2293 mundi,

74 2295 296 2394 Commentuqrre
307 2314 368 2373 suis
379 2311 530 2372 ludificata
543 2313 602 2372 ruit
614 2335 622 2370 ε

45 2383 74 2446 Et
82 2398 141 2460 mela
152 2408 289 2488 corporei
301 2407 436 2485 sequitur
448 2407 520 2466 dum
531 2407 638 2489 gaudia
650 2426 772 2488 sensus„

72 2480 166 2556 quht
177 2517 194 2557 a
206 2520 278 2560 vero
291 2499 408 2560 lumine
422 2518 499 2560 caeca
511 2500 636 2579 procul;

48 2567 227 2652 Nuntiatum
239 2593 345 2654 habitu
357 2594 501 2654 virtutum
514 2606 619 2653 ornata
630 2596 764 2673 juvatur,

76 2666 158 2742 ‚Perdit
168 2706 251 2748 mens
263 2687 327 2748 veri
339 2685 458 2760 nescia,
473 2677 705 2766 quidquid'agit,

44 2753 143 2833 Noverit
152 2797 218 2862 ergo
230 2781 333 2842 Deum
345 2779 482 2858 sapiens,
496 2778 627 2855 tutisque
637 2775 778 2838 medullis

76 2854 183 2950 illigat,
196 2873 285 2953 inque
299 2875 367 2954 ipso
380 2892 412 2931 se
426 2888 545 2950 quoque
558 2883 675 2930 amator
688 2881 785 2942 amet,

51 2940 83 3008 Sit
94 2953 174 3024 bouus
187 2981 214 3027 et
222 2971 331 3049 justus,
346 2967 385 3028 ait
399 2983 504 3040 verax,
518 2976 607 3043 atque
619 2964 780 3046 benignus,

75 3041 109 3107 Sit
119 3053 225 3134 lurma,
237 3075 267 3122 et
278 3060 453 3143 speculum,
466 3058 536 3134 lux,
548 3071 578 3118 et
588 3058 686 3141 imago
700 3057 772 3117 Dei.

45 3123 70 3188 ¹11
82 3137 181 3210 Christo
191 3153 282 3215 iactus
294 3175 408 3231 nurus,
421 3155 522 3235 etjam
536 3171 625 3214 carue
635 3164 746 3214 vetusta

913 2554 923 2582 Ι
968 2545 976 2559 ,
