<?xml version="1.0" encoding="UTF-8"?>
<!DOCTYPE html PUBLIC "-//W3C//DTD XHTML 1.0 Transitional//EN"
    "http://www.w3.org/TR/xhtml1/DTD/xhtml1-transitional.dtd">
<html xmlns="http://www.w3.org/1999/xhtml" xml:lang="en" lang="en">
 <head>
  <title>
</title>
<meta http-equiv="Content-Type" content="text/html;charset=utf-8" />
  <meta name='ocr-system' content='tesseract 3.04.00' />
  <meta name='ocr-capabilities' content='ocr_page ocr_carea ocr_par ocr_line ocrx_word'/>
</head>
<body>
  <div class='ocr_page' id='page_1' title='image "./caiicaeliisedul00sedugoog_0265.png"; bbox 0 0 2106 3846; ppageno 0'>
   <div class='ocr_carea' id='block_1_1' title="bbox 154 289 1027 386">
    <p class='ocr_par' dir='ltr' id='par_1_1' title="bbox 154 277 1041 400">
     <span class='ocr_line' id='line_1_1' title="bbox 154 289 1027 386; baseline -0.005 -16"><span class='ocrx_word' id='word_1_1' title='bbox 154 308 215 372; x_wconf 77' lang='lat'><strong>258</strong></span> <span class='ocrx_word' id='word_1_2' title='bbox 417 319 452 370; x_wconf 88' lang='lat' dir='ltr'><strong>n.</strong></span> <span class='ocrx_word' id='word_1_3' title='bbox 485 319 782 373; x_wconf 77' lang='lat' dir='ltr'><strong>ruosrunr</strong></span> <span class='ocrx_word' id='word_1_4' title='bbox 917 289 1027 386; x_wconf 55' lang='lat' dir='ltr'><strong>city.</strong></span> 
     </span>
    </p>
   </div>
   <div class='ocr_carea' id='block_1_2' title="bbox 153 414 1041 3218">
    <p class='ocr_par' dir='ltr' id='par_1_2' title="bbox 153 414 1027 963">
     <span class='ocr_line' id='line_1_2' title="bbox 153 414 957 496; baseline -0.005 -18"><span class='ocrx_word' id='word_1_5' title='bbox 153 414 302 496; x_wconf 77' lang='lat' dir='ltr'><strong>Suscipit,</strong></span> <span class='ocrx_word' id='word_1_6' title='bbox 315 415 372 475; x_wconf 86' lang='lat' dir='ltr'><strong>hos</strong></span> <span class='ocrx_word' id='word_1_7' title='bbox 380 415 498 494; x_wconf 82' lang='lat' dir='ltr'><strong>species</strong></span> <span class='ocrx_word' id='word_1_8' title='bbox 507 415 658 475; x_wconf 78' lang='lat' dir='ltr'><strong>inhonora</strong></span> <span class='ocrx_word' id='word_1_9' title='bbox 671 429 702 474; x_wconf 87' lang='lat' dir='ltr'><strong>et</strong></span> <span class='ocrx_word' id='word_1_10' title='bbox 713 415 814 476; x_wconf 87' lang='lat' dir='ltr'><strong>debile</strong></span> <span class='ocrx_word' id='word_1_11' title='bbox 827 435 936 496; x_wconf 85' lang='lat' dir='ltr'><strong>corpus</strong></span> <span class='ocrx_word' id='word_1_12' title='bbox 950 438 957 474; x_wconf 94' lang='lat'><strong>:</strong></span> 
     </span>
     <span class='ocr_line' id='line_1_3' title="bbox 154 508 987 590; baseline -0.005 -22"><span class='ocrx_word' id='word_1_13' title='bbox 154 509 214 568; x_wconf 83' lang='lat' dir='ltr'><strong>His</strong></span> <span class='ocrx_word' id='word_1_14' title='bbox 224 508 302 590; x_wconf 77' lang='lat' dir='ltr'><strong>riget</strong></span> <span class='ocrx_word' id='word_1_15' title='bbox 313 508 467 589; x_wconf 80' lang='lat' dir='ltr'>ingenium</span> <span class='ocrx_word' id='word_1_16' title='bbox 479 508 633 589; x_wconf 64' lang='lat' dir='ltr'><strong>praeclaris</strong></span> <span class='ocrx_word' id='word_1_17' title='bbox 643 510 758 570; x_wconf 85' lang='lat' dir='ltr'><strong>artibus</strong></span> <span class='ocrx_word' id='word_1_18' title='bbox 766 521 891 590; x_wconf 84' lang='lat' dir='ltr'><strong>aptum,</strong></span> <span class='ocrx_word' id='word_1_19' title='bbox 982 562 987 564; x_wconf 84' lang='grc'>,</span> 
     </span>
     <span class='ocr_line' id='line_1_4' title="bbox 154 601 951 685; baseline 0.001 -23"><span class='ocrx_word' id='word_1_20' title='bbox 154 601 279 662; x_wconf 83' lang='grc' dir='ltr'>Ηοιιιιιι</span> <span class='ocrx_word' id='word_1_21' title='bbox 292 603 376 662; x_wconf 88' lang='lat' dir='ltr'><strong>tarda</strong></span> <span class='ocrx_word' id='word_1_22' title='bbox 387 602 501 682; x_wconf 72' lang='lat' dir='ltr'><strong>preterit</strong></span> <span class='ocrx_word' id='word_1_23' title='bbox 510 603 625 684; x_wconf 75' lang='lat' dir='ltr'><strong>gelidus</strong></span> <span class='ocrx_word' id='word_1_24' title='bbox 635 603 804 684; x_wconf 82' lang='lat' dir='ltr'><strong>praecordia</strong></span> <span class='ocrx_word' id='word_1_25' title='bbox 814 604 951 685; x_wconf 82' lang='lat' dir='ltr'><strong>sanguis:</strong></span> 
     </span>
     <span class='ocr_line' id='line_1_5' title="bbox 156 695 994 780; baseline 0.005 -26"><span class='ocrx_word' id='word_1_26' title='bbox 156 695 314 776; x_wconf 83' lang='lat' dir='ltr'><strong>Quosdam</strong></span> <span class='ocrx_word' id='word_1_27' title='bbox 327 715 386 756; x_wconf 86' lang='lat' dir='ltr'><strong>nec</strong></span> <span class='ocrx_word' id='word_1_28' title='bbox 397 695 496 756; x_wconf 86' lang='lat' dir='ltr'><strong>licitus</strong></span> <span class='ocrx_word' id='word_1_29' title='bbox 504 696 589 757; x_wconf 78' lang='lat' dir='ltr'><strong>cador</strong></span> <span class='ocrx_word' id='word_1_30' title='bbox 599 697 703 758; x_wconf 86' lang='lat' dir='ltr'><strong>incitat</strong></span> <span class='ocrx_word' id='word_1_31' title='bbox 716 699 754 757; x_wconf 87' lang='lat' dir='ltr'><strong>ad</strong></span> <span class='ocrx_word' id='word_1_32' title='bbox 768 700 994 780; x_wconf 82' lang='lat' dir='ltr'><strong>generandum,</strong></span> 
     </span>
     <span class='ocr_line' id='line_1_6' title="bbox 155 787 898 868; baseline 0.007 -20"><span class='ocrx_word' id='word_1_33' title='bbox 155 789 210 848; x_wconf 79' lang='lat' dir='ltr'><strong>Ast</strong></span> <span class='ocrx_word' id='word_1_34' title='bbox 220 787 273 848; x_wconf 84' lang='lat' dir='ltr'><strong>atii</strong></span> <span class='ocrx_word' id='word_1_35' title='bbox 283 790 422 850; x_wconf 84' lang='lat' dir='ltr'><strong>insanum</strong></span> <span class='ocrx_word' id='word_1_36' title='bbox 434 802 587 868; x_wconf 86' lang='lat' dir='ltr'><strong>nequeunt</strong></span> <span class='ocrx_word' id='word_1_37' title='bbox 598 789 726 851; x_wconf 69' lang='lat' dir='ltr'><strong>frenare</strong></span> <span class='ocrx_word' id='word_1_38' title='bbox 738 792 875 852; x_wconf 86' lang='lat' dir='ltr'><strong>furorem</strong></span> <span class='ocrx_word' id='word_1_39' title='bbox 888 813 898 853; x_wconf 80' lang='grc' dir='ltr'><strong>ι</strong></span> 
     </span>
     <span class='ocr_line' id='line_1_7' title="bbox 158 882 1027 963; baseline -0.003 -19"><span class='ocrx_word' id='word_1_40' title='bbox 158 882 250 945; x_wconf 86' lang='lat' dir='ltr'><strong>Hunc</strong></span> <span class='ocrx_word' id='word_1_41' title='bbox 263 884 375 944; x_wconf 83' lang='lat' dir='ltr'><strong>mitem‘</strong></span> <span class='ocrx_word' id='word_1_42' title='bbox 385 895 414 943; x_wconf 91' lang='lat' dir='ltr'><strong>et</strong></span> <span class='ocrx_word' id='word_1_43' title='bbox 428 883 583 962; x_wconf 83' lang='lat' dir='ltr'><strong>placidum</strong></span> <span class='ocrx_word' id='word_1_44' title='bbox 595 884 758 963; x_wconf 86' lang='lat' dir='ltr'><strong>tranquilla</strong></span> <span class='ocrx_word' id='word_1_45' title='bbox 770 885 921 946; x_wconf 78' lang='lat' dir='ltr'><strong>modestia</strong></span> <span class='ocrx_word' id='word_1_46' title='bbox 930 885 1027 947; x_wconf 81' lang='lat' dir='ltr'><strong>comit.</strong></span> 
     </span>
    </p>

    <p class='ocr_par' dir='ltr' id='par_1_3' title="bbox 157 975 1041 1528">
     <span class='ocr_line' id='line_1_8' title="bbox 199 975 1041 1055; baseline 0.006 -19"><span class='ocrx_word' id='word_1_47' title='bbox 199 975 259 1036; x_wconf 87' lang='lat' dir='ltr'><strong>His</strong></span> <span class='ocrx_word' id='word_1_48' title='bbox 271 989 300 1036; x_wconf 93' lang='lat' dir='ltr'><strong>et</strong></span> <span class='ocrx_word' id='word_1_49' title='bbox 314 977 398 1036; x_wconf 82' lang='lat' dir='ltr'><strong>misse</strong></span> <span class='ocrx_word' id='word_1_50' title='bbox 410 977 511 1036; x_wconf 90' lang='lat' dir='ltr'><strong>modis</strong></span> <span class='ocrx_word' id='word_1_51' title='bbox 521 997 626 1038; x_wconf 87' lang='lat' dir='ltr'><strong>semen</strong></span> <span class='ocrx_word' id='word_1_52' title='bbox 638 978 824 1040; x_wconf 75' lang='lat' dir='ltr'><strong>variantibus</strong></span> <span class='ocrx_word' id='word_1_53' title='bbox 834 1001 951 1055; x_wconf 87' lang='lat' dir='ltr'><strong>unum,</strong></span> <span class='ocrx_word' id='word_1_54' title='bbox 1040 991 1041 1020; x_wconf 63' lang='lat' dir='ltr'><strong>t</strong></span> 
     </span>
     <span class='ocr_line' id='line_1_9' title="bbox 157 1068 875 1150; baseline 0.006 -20"><span class='ocrx_word' id='word_1_55' title='bbox 157 1068 316 1150; x_wconf 80' lang='lat' dir='ltr'><strong>impariles</strong></span> <span class='ocrx_word' id='word_1_56' title='bbox 327 1071 457 1132; x_wconf 87' lang='lat' dir='ltr'><strong>subeunt</strong></span> <span class='ocrx_word' id='word_1_57' title='bbox 464 1070 605 1132; x_wconf 72' lang='lat' dir='ltr'><strong>dinincta</strong></span> <span class='ocrx_word' id='word_1_58' title='bbox 616 1074 738 1132; x_wconf 81' lang='lat' dir='ltr'><strong>exordia</strong></span> <span class='ocrx_word' id='word_1_59' title='bbox 750 1073 875 1134; x_wconf 80' lang='lat' dir='ltr'><strong>formas.</strong></span> 
     </span>
     <span class='ocr_line' id='line_1_10' title="bbox 159 1164 997 1249; baseline 0.001 -24"><span class='ocrx_word' id='word_1_60' title='bbox 159 1164 229 1226; x_wconf 89' lang='lat' dir='ltr'><strong>Nec</strong></span> <span class='ocrx_word' id='word_1_61' title='bbox 242 1179 342 1226; x_wconf 86' lang='lat' dir='ltr'><strong>tamen</strong></span> <span class='ocrx_word' id='word_1_62' title='bbox 354 1165 418 1225; x_wconf 80' lang='lat' dir='ltr'><strong>brec</strong></span> <span class='ocrx_word' id='word_1_63' title='bbox 430 1165 582 1230; x_wconf 73' lang='lat' dir='ltr'><strong>interum</strong></span> <span class='ocrx_word' id='word_1_64' title='bbox 592 1167 828 1249; x_wconf 73' lang='lat' dir='ltr'><strong>compugnantia</strong></span> <span class='ocrx_word' id='word_1_65' title='bbox 839 1167 997 1247; x_wconf 81' lang='lat' dir='ltr'><strong>quisquam</strong></span> 
     </span>
     <span class='ocr_line' id='line_1_11' title="bbox 162 1259 887 1343; baseline 0.003 -25"><span class='ocrx_word' id='word_1_66' title='bbox 162 1259 272 1343; x_wconf 81' lang='lat' dir='ltr'><strong>Arguit</strong></span> <span class='ocrx_word' id='word_1_67' title='bbox 284 1272 457 1332; x_wconf 78' lang='lat' dir='ltr'><strong>auctorem,</strong></span> <span class='ocrx_word' id='word_1_68' title='bbox 472 1259 523 1336; x_wconf 87' lang='lat' dir='ltr'><strong>qui</strong></span> <span class='ocrx_word' id='word_1_69' title='bbox 537 1277 638 1320; x_wconf 86' lang='lat' dir='ltr'><strong>secum</strong></span> <span class='ocrx_word' id='word_1_70' title='bbox 651 1262 786 1321; x_wconf 80' lang='lat' dir='ltr'><strong>continet</strong></span> <span class='ocrx_word' id='word_1_71' title='bbox 798 1261 887 1342; x_wconf 74' lang='lat' dir='ltr'><strong>bnjrrs</strong></span> 
     </span>
     <span class='ocr_line' id='line_1_12' title="bbox 163 1345 1041 1436; baseline 0 -23"><span class='ocrx_word' id='word_1_72' title='bbox 163 1353 278 1435; x_wconf 81' lang='lat' dir='ltr'>Legem</span> <span class='ocrx_word' id='word_1_73' title='bbox 290 1352 393 1433; x_wconf 86' lang='lat' dir='ltr'><strong>operis</strong></span> <span class='ocrx_word' id='word_1_74' title='bbox 404 1353 477 1411; x_wconf 82' lang='lat' dir='ltr'><strong>dum</strong></span> <span class='ocrx_word' id='word_1_75' title='bbox 489 1353 601 1432; x_wconf 87' lang='lat' dir='ltr'><strong>judicio</strong></span> <span class='ocrx_word' id='word_1_76' title='bbox 611 1345 856 1435; x_wconf 79' lang='lat' dir='ltr'><strong>placitaexpiicat</strong></span> <span class='ocrx_word' id='word_1_77' title='bbox 867 1375 959 1436; x_wconf 81' lang='lat' dir='ltr'><strong>aequo</strong></span> <span class='ocrx_word' id='word_1_78' title='bbox 972 1395 982 1431; x_wconf 93' lang='lat'><strong>,</strong></span> <span class='ocrx_word' id='word_1_79' title='bbox 1040 1375 1041 1388; x_wconf 59' lang='lat'>¹</span> 
     </span>
     <span class='ocr_line' id='line_1_13' title="bbox 163 1445 819 1528; baseline 0.003 -22"><span class='ocrx_word' id='word_1_80' title='bbox 163 1445 205 1506; x_wconf 86' lang='lat' dir='ltr'><strong>Et</strong></span> <span class='ocrx_word' id='word_1_81' title='bbox 216 1467 317 1506; x_wconf 85' lang='lat' dir='ltr'><strong>rerum</strong></span> <span class='ocrx_word' id='word_1_82' title='bbox 331 1465 433 1506; x_wconf 80' lang='lat' dir='ltr'><strong>causas</strong></span> <span class='ocrx_word' id='word_1_83' title='bbox 445 1446 585 1506; x_wconf 81' lang='lat' dir='ltr'><strong>obscurat</strong></span> <span class='ocrx_word' id='word_1_84' title='bbox 590 1448 666 1526; x_wconf 83' lang='lat' dir='ltr'><strong>justa</strong></span> <span class='ocrx_word' id='word_1_85' title='bbox 677 1459 819 1528; x_wconf 83' lang='lat' dir='ltr'><strong>potestas.</strong></span> 
     </span>
    </p>

    <p class='ocr_par' dir='ltr' id='par_1_4' title="bbox 164 1537 1041 2463">
     <span class='ocr_line' id='line_1_14' title="bbox 204 1537 1023 1620; baseline 0.002 -24"><span class='ocrx_word' id='word_1_86' title='bbox 204 1537 239 1596; x_wconf 87' lang='lat' dir='ltr'><strong>Si</strong></span> <span class='ocrx_word' id='word_1_87' title='bbox 253 1552 409 1599; x_wconf 87' lang='lat' dir='ltr'><strong>terrenum</strong></span> <span class='ocrx_word' id='word_1_88' title='bbox 424 1539 514 1620; x_wconf 83' lang='lat' dir='ltr'><strong>igitur</strong></span> <span class='ocrx_word' id='word_1_89' title='bbox 523 1538 700 1618; x_wconf 84' lang='lat' dir='ltr'><strong>figmentum</strong></span> <span class='ocrx_word' id='word_1_90' title='bbox 715 1583 725 1614; x_wconf 98' lang='lat'><strong>,</strong></span> <span class='ocrx_word' id='word_1_91' title='bbox 739 1541 923 1620; x_wconf 76' lang='lat' dir='ltr'><strong>addictaque</strong></span> <span class='ocrx_word' id='word_1_92' title='bbox 935 1539 1023 1603; x_wconf 88' lang='lat' dir='ltr'><strong>morti</strong></span> 
     </span>
     <span class='ocr_line' id='line_1_15' title="bbox 168 1629 851 1714; baseline 0.006 -24"><span class='ocrx_word' id='word_1_93' title='bbox 168 1629 359 1714; x_wconf 81' lang='lat' dir='ltr'><strong>Progenies,</strong></span> <span class='ocrx_word' id='word_1_94' title='bbox 372 1633 414 1690; x_wconf 82' lang='lat' dir='ltr'><strong>ita</strong></span> <span class='ocrx_word' id='word_1_95' title='bbox 425 1633 565 1693; x_wconf 82' lang='lat' dir='ltr'><strong>dissimili</strong></span> <span class='ocrx_word' id='word_1_96' title='bbox 574 1632 750 1714; x_wconf 76' lang='lat' dir='ltr'><strong>producitur</strong></span> <span class='ocrx_word' id='word_1_97' title='bbox 759 1647 828 1694; x_wconf 83' lang='lat' dir='ltr'><strong>ortu</strong></span> <span class='ocrx_word' id='word_1_98' title='bbox 841 1677 851 1709; x_wconf 95' lang='lat'><strong>,</strong></span> 
     </span>
     <span class='ocr_line' id='line_1_16' title="bbox 165 1722 1041 1844; baseline 0.002 -60"><span class='ocrx_word' id='word_1_99' title='bbox 165 1722 211 1784; x_wconf 89' lang='lat' dir='ltr'><strong>Ut</strong></span> <span class='ocrx_word' id='word_1_100' title='bbox 222 1743 293 1784; x_wconf 88' lang='lat' dir='ltr'><strong>cnm</strong></span> <span class='ocrx_word' id='word_1_101' title='bbox 308 1725 411 1804; x_wconf 87' lang='lat' dir='ltr'><strong>operis</strong></span> <span class='ocrx_word' id='word_1_102' title='bbox 424 1726 541 1804; x_wconf 84' lang='lat' dir='ltr'><strong>species</strong></span> <span class='ocrx_word' id='word_1_103' title='bbox 552 1739 672 1807; x_wconf 84' lang='lat' dir='ltr'><strong>pateat,</strong></span> <span class='ocrx_word' id='word_1_104' title='bbox 686 1737 788 1788; x_wconf 84' lang='lat' dir='ltr'><strong>tamen</strong></span> <span class='ocrx_word' id='word_1_105' title='bbox 799 1728 881 1788; x_wconf 86' lang='lat' dir='ltr'><strong>edita</strong></span> <span class='ocrx_word' id='word_1_106' title='bbox 897 1729 1005 1789; x_wconf 86' lang='lat' dir='ltr'><strong>nonsit</strong></span> <span class='ocrx_word' id='word_1_107' title='bbox 1040 1767 1041 1844; x_wconf 33' lang='grc'>1</span> 
     </span>
     <span class='ocr_line' id='line_1_17' title="bbox 168 1816 1041 1920; baseline 0.008 -43"><span class='ocrx_word' id='word_1_108' title='bbox 168 1816 294 1878; x_wconf 84' lang='lat' dir='ltr'><strong>Norma</strong></span> <span class='ocrx_word' id='word_1_109' title='bbox 305 1817 466 1880; x_wconf 84' lang='lat' dir='ltr'><strong>voluntatis</strong></span> <span class='ocrx_word' id='word_1_110' title='bbox 478 1820 516 1879; x_wconf 90' lang='lat' dir='ltr'><strong>de</strong></span> <span class='ocrx_word' id='word_1_111' title='bbox 528 1839 587 1897; x_wconf 81' lang='lat' dir='ltr'><strong>qua</strong></span> <span class='ocrx_word' id='word_1_112' title='bbox 600 1821 681 1881; x_wconf 83' lang='lat' dir='ltr'><strong>venit</strong></span> <span class='ocrx_word' id='word_1_113' title='bbox 691 1818 741 1883; x_wconf 92' lang='lat' dir='ltr'><strong>bic</strong></span> <span class='ocrx_word' id='word_1_114' title='bbox 749 1820 876 1882; x_wconf 89' lang='lat' dir='ltr'><strong>modus</strong></span> <span class='ocrx_word' id='word_1_115' title='bbox 868 1844 992 1904; x_wconf 79' lang='lat' dir='ltr'><strong>impar:</strong></span> <span class='ocrx_word' id='word_1_116' title='bbox 1040 1863 1041 1920; x_wconf 67' lang='lat' dir='ltr'><strong>t</strong></span> 
     </span>
     <span class='ocr_line' id='line_1_18' title="bbox 166 1909 1041 1998; baseline 0.002 -25"><span class='ocrx_word' id='word_1_117' title='bbox 166 1909 254 1992; x_wconf 87' lang='lat' dir='ltr'><strong>Quid</strong></span> <span class='ocrx_word' id='word_1_118' title='bbox 267 1913 415 1974; x_wconf 78' lang='lat' dir='ltr'><strong>mirumst</strong></span> <span class='ocrx_word' id='word_1_119' title='bbox 407 1912 548 1974; x_wconf 81' lang='lat' dir='ltr'><strong>consilii</strong></span> <span class='ocrx_word' id='word_1_120' title='bbox 562 1935 652 1995; x_wconf 89' lang='lat' dir='ltr'><strong>super</strong></span> <span class='ocrx_word' id='word_1_121' title='bbox 663 1915 767 1975; x_wconf 90' lang='lat' dir='ltr'><strong>omnia</strong></span> <span class='ocrx_word' id='word_1_122' title='bbox 777 1916 876 1998; x_wconf 87' lang='lat' dir='ltr'><strong>magui</strong></span> <span class='ocrx_word' id='word_1_123' title='bbox 1040 1927 1041 1932; x_wconf 76' lang='grc'>’</span> 
     </span>
     <span class='ocr_line' id='line_1_19' title="bbox 164 2003 886 2086; baseline 0.001 -19"><span class='ocrx_word' id='word_1_124' title='bbox 164 2003 320 2068; x_wconf 81' lang='lat' dir='ltr'><strong>Arcanum</strong></span> <span class='ocrx_word' id='word_1_125' title='bbox 333 2005 425 2080; x_wconf 84' lang='lat' dir='ltr'><strong>latet,</strong></span> <span class='ocrx_word' id='word_1_126' title='bbox 438 2018 468 2064; x_wconf 91' lang='lat' dir='ltr'><strong>et</strong></span> <span class='ocrx_word' id='word_1_127' title='bbox 479 2005 591 2086; x_wconf 87' lang='lat' dir='ltr'><strong>placito</strong></span> <span class='ocrx_word' id='word_1_128' title='bbox 605 2009 782 2070; x_wconf 85' lang='lat' dir='ltr'><strong>subducitur</strong></span> <span class='ocrx_word' id='word_1_129' title='bbox 794 2009 878 2070; x_wconf 86' lang='lat' dir='ltr'><strong>alto.</strong></span> <span class='ocrx_word' id='word_1_130' title='bbox 870 2011 886 2054; x_wconf 64' lang='lat' dir='ltr'><strong>P</strong></span> 
     </span>
     <span class='ocr_line' id='line_1_20' title="bbox 167 2097 1033 2182; baseline -0.001 -22"><span class='ocrx_word' id='word_1_131' title='bbox 167 2098 265 2178; x_wconf 86' lang='lat' dir='ltr'><strong>Quod</strong></span> <span class='ocrx_word' id='word_1_132' title='bbox 278 2100 351 2162; x_wconf 89' lang='lat' dir='ltr'><strong>dum</strong></span> <span class='ocrx_word' id='word_1_133' title='bbox 359 2117 434 2160; x_wconf 84' lang='lat' dir='ltr'><strong>vana</strong></span> <span class='ocrx_word' id='word_1_134' title='bbox 446 2097 541 2160; x_wconf 80' lang='lat' dir='ltr'><strong>fluunt</strong></span> <span class='ocrx_word' id='word_1_135' title='bbox 551 2103 675 2178; x_wconf 88' lang='lat' dir='ltr'><strong>mundi,</strong></span> <span class='ocrx_word' id='word_1_136' title='bbox 690 2103 777 2162; x_wconf 84' lang='lat' dir='ltr'><strong>dum&#39;</strong></span> <span class='ocrx_word' id='word_1_137' title='bbox 770 2123 802 2162; x_wconf 90' lang='grc' dir='ltr'><strong>ιιι</strong></span> <span class='ocrx_word' id='word_1_138' title='bbox 812 2097 1033 2182; x_wconf 83' lang='lat' dir='ltr'><strong>corporemorti</strong></span> 
     </span>
     <span class='ocr_line' id='line_1_21' title="bbox 165 2187 902 2278; baseline 0.004 -26"><span class='ocrx_word' id='word_1_139' title='bbox 165 2192 309 2268; x_wconf 83' lang='lat' dir='ltr'><strong>Vivitur,</strong></span> <span class='ocrx_word' id='word_1_140' title='bbox 324 2204 353 2253; x_wconf 89' lang='lat' dir='ltr'><strong>et</strong></span> <span class='ocrx_word' id='word_1_141' title='bbox 363 2193 454 2272; x_wconf 83' lang='lat' dir='ltr'><strong>positi</strong></span> <span class='ocrx_word' id='word_1_142' title='bbox 467 2187 602 2272; x_wconf 75' lang='lat' dir='ltr'><strong>expletur</strong></span> <span class='ocrx_word' id='word_1_143' title='bbox 612 2207 764 2255; x_wconf 86' lang='lat' dir='ltr'><strong>certamen</strong></span> <span class='ocrx_word' id='word_1_144' title='bbox 777 2195 902 2278; x_wconf 83' lang='lat' dir='ltr'><strong>agonis,</strong></span> 
     </span>
     <span class='ocr_line' id='line_1_22' title="bbox 165 2285 869 2369; baseline -0.001 -21"><span class='ocrx_word' id='word_1_145' title='bbox 165 2285 242 2348; x_wconf 87' lang='lat' dir='ltr'><strong>Non</strong></span> <span class='ocrx_word' id='word_1_146' title='bbox 255 2286 497 2369; x_wconf 86' lang='lat' dir='ltr'><strong>cognoscendum</strong></span> <span class='ocrx_word' id='word_1_147' title='bbox 511 2287 582 2347; x_wconf 87' lang='lat' dir='ltr'><strong>texit</strong></span> <span class='ocrx_word' id='word_1_148' title='bbox 591 2285 675 2347; x_wconf 87' lang='lat' dir='ltr'><strong>Deus</strong></span> <span class='ocrx_word' id='word_1_149' title='bbox 686 2287 869 2366; x_wconf 81' lang='lat' dir='ltr'><strong>,utiliusque</strong></span> 
     </span>
     <span class='ocr_line' id='line_1_23' title="bbox 164 2379 867 2463; baseline -0.001 -23"><span class='ocrx_word' id='word_1_150' title='bbox 164 2379 278 2455; x_wconf 78' lang='lat' dir='ltr'><strong>Duxit,</strong></span> <span class='ocrx_word' id='word_1_151' title='bbox 292 2381 330 2438; x_wconf 89' lang='lat' dir='ltr'><strong>ad</strong></span> <span class='ocrx_word' id='word_1_152' title='bbox 341 2399 465 2439; x_wconf 85' lang='lat' dir='ltr'><strong>examen</strong></span> <span class='ocrx_word' id='word_1_153' title='bbox 475 2382 612 2458; x_wconf 83' lang='lat' dir='ltr'><strong>quaedam</strong></span> <span class='ocrx_word' id='word_1_154' title='bbox 624 2380 765 2442; x_wconf 83' lang='lat' dir='ltr'><strong>velare</strong></span> <span class='ocrx_word' id='word_1_155' title='bbox 734 2401 867 2463; x_wconf 80' lang='lat' dir='ltr'><strong>prorum</strong></span> 
     </span>
    </p>

    <p class='ocr_par' dir='ltr' id='par_1_5' title="bbox 166 2463 1041 3218">
     <span class='ocr_line' id='line_1_24' title="bbox 209 2463 994 2557; baseline 0.005 -24"><span class='ocrx_word' id='word_1_156' title='bbox 209 2473 238 2533; x_wconf 92' lang='lat' dir='ltr'>N</span> <span class='ocrx_word' id='word_1_157' title='bbox 243 2491 283 2532; x_wconf 90' lang='grc' dir='ltr'><strong>οιι</strong></span> <span class='ocrx_word' id='word_1_158' title='bbox 297 2471 522 2554; x_wconf 79' lang='lat' dir='ltr'><strong>ergoiustamus</strong></span> <span class='ocrx_word' id='word_1_159' title='bbox 535 2474 660 2549; x_wconf 89' lang='lat' dir='ltr'><strong>clausis,</strong></span> <span class='ocrx_word' id='word_1_160' title='bbox 673 2495 729 2536; x_wconf 88' lang='lat' dir='ltr'><strong>nec</strong></span> <span class='ocrx_word' id='word_1_161' title='bbox 742 2487 851 2557; x_wconf 85' lang='lat' dir='ltr'><strong>operta</strong></span> <span class='ocrx_word' id='word_1_162' title='bbox 862 2463 994 2556; x_wconf 78' lang='lat' dir='ltr'><strong>procaci</strong></span> 
     </span>
     <span class='ocr_line' id='line_1_25' title="bbox 166 2565 922 2652; baseline 0.003 -24"><span class='ocrx_word' id='word_1_163' title='bbox 166 2567 321 2652; x_wconf 83' lang='lat' dir='ltr'><strong>Urgemus</strong></span> <span class='ocrx_word' id='word_1_164' title='bbox 333 2585 418 2642; x_wconf 88' lang='lat' dir='ltr'><strong>cura,</strong></span> <span class='ocrx_word' id='word_1_165' title='bbox 433 2565 503 2627; x_wconf 78' lang='lat' dir='ltr'><strong>satis</strong></span> <span class='ocrx_word' id='word_1_166' title='bbox 516 2582 560 2630; x_wconf 84' lang='lat' dir='ltr'><strong>est</strong></span> <span class='ocrx_word' id='word_1_167' title='bbox 570 2587 665 2651; x_wconf 90' lang='lat' dir='ltr'><strong>opera</strong></span> <span class='ocrx_word' id='word_1_168' title='bbox 679 2566 922 2650; x_wconf 84' lang='lat' dir='ltr'><strong>Omnipoteutis</strong></span> 
     </span>
     <span class='ocr_line' id='line_1_26' title="bbox 168 2660 1011 2740; baseline -0.005 -14"><span class='ocrx_word' id='word_1_169' title='bbox 168 2660 322 2740; x_wconf 85' lang='lat' dir='ltr'><strong>Cernere,</strong></span> <span class='ocrx_word' id='word_1_170' title='bbox 336 2674 365 2724; x_wconf 86' lang='lat' dir='ltr'><strong>et</strong></span> <span class='ocrx_word' id='word_1_171' title='bbox 377 2673 531 2736; x_wconf 84' lang='lat' dir='ltr'><strong>auctorem</strong></span> <span class='ocrx_word' id='word_1_172' title='bbox 544 2675 720 2726; x_wconf 88' lang='lat' dir='ltr'><strong>cunctorum</strong></span> <span class='ocrx_word' id='word_1_173' title='bbox 732 2683 820 2724; x_wconf 83' lang='lat' dir='ltr'><strong>nosse</strong></span> <span class='ocrx_word' id='word_1_174' title='bbox 832 2663 1011 2732; x_wconf 75' lang='grc' dir='ltr'>Ιιοιιοιιιιιις</span> 
     </span>
     <span class='ocr_line' id='line_1_27' title="bbox 166 2756 988 2838; baseline 0 -20"><span class='ocrx_word' id='word_1_175' title='bbox 166 2756 274 2838; x_wconf 89' lang='lat' dir='ltr'><strong>Quo</strong></span> <span class='ocrx_word' id='word_1_176' title='bbox 251 2779 315 2820; x_wconf 79' lang='lat' dir='ltr'><strong>sine</strong></span> <span class='ocrx_word' id='word_1_177' title='bbox 327 2757 370 2819; x_wconf 89' lang='grc' dir='ltr'><strong>ιιίΙ</strong></span> <span class='ocrx_word' id='word_1_178' title='bbox 383 2769 496 2818; x_wconf 86' lang='lat' dir='ltr'><strong>rectum</strong></span> <span class='ocrx_word' id='word_1_179' title='bbox 509 2775 594 2818; x_wconf 89' lang='lat' dir='ltr'><strong>mens</strong></span> <span class='ocrx_word' id='word_1_180' title='bbox 607 2756 736 2819; x_wconf 76' lang='lat' dir='ltr'><strong>inchoat.</strong></span> <span class='ocrx_word' id='word_1_181' title='bbox 750 2756 867 2818; x_wconf 84' lang='lat' dir='ltr'><strong>Audeat</strong></span> <span class='ocrx_word' id='word_1_182' title='bbox 875 2775 988 2818; x_wconf 86' lang='lat' dir='ltr'><strong>amens</strong></span> 
     </span>
     <span class='ocr_line' id='line_1_28' title="bbox 167 2851 881 2932; baseline 0 -22"><span class='ocrx_word' id='word_1_183' title='bbox 167 2851 312 2932; x_wconf 83' lang='lat' dir='ltr'><strong>Impietas</strong></span> <span class='ocrx_word' id='word_1_184' title='bbox 323 2853 439 2913; x_wconf 87' lang='lat' dir='ltr'><strong>tumido</strong></span> <span class='ocrx_word' id='word_1_185' title='bbox 450 2851 576 2912; x_wconf 87' lang='lat' dir='ltr'><strong>arbitrio</strong></span> <span class='ocrx_word' id='word_1_186' title='bbox 586 2853 765 2921; x_wconf 77' lang='lat' dir='ltr'><strong>subnectere</strong></span> <span class='ocrx_word' id='word_1_187' title='bbox 779 2870 881 2913; x_wconf 86' lang='lat' dir='ltr'><strong>causas</strong></span> 
     </span>
     <span class='ocr_line' id='line_1_29' title="bbox 166 2944 989 3027; baseline -0.001 -21"><span class='ocrx_word' id='word_1_188' title='bbox 166 2944 352 3006; x_wconf 85' lang='lat' dir='ltr'><strong>Divinorum</strong></span> <span class='ocrx_word' id='word_1_189' title='bbox 365 2965 502 3027; x_wconf 88' lang='lat' dir='ltr'><strong>opernm.</strong></span> <span class='ocrx_word' id='word_1_190' title='bbox 516 2944 583 3007; x_wconf 83' lang='lat' dir='ltr'><strong>Nos</strong></span> <span class='ocrx_word' id='word_1_191' title='bbox 594 2967 662 3008; x_wconf 86' lang='lat' dir='ltr'><strong>cum</strong></span> <span class='ocrx_word' id='word_1_192' title='bbox 675 2946 832 3008; x_wconf 81' lang='lat' dir='ltr'><strong>manifesta</strong></span> <span class='ocrx_word' id='word_1_193' title='bbox 844 2944 989 3009; x_wconf 87' lang='lat' dir='ltr'><strong>ridemus</strong></span> 
     </span>
     <span class='ocr_line' id='line_1_30' title="bbox 168 3037 1041 3120; baseline 0 -22"><span class='ocrx_word' id='word_1_194' title='bbox 168 3037 262 3099; x_wconf 86' lang='lat' dir='ltr'><strong>Dona</strong></span> <span class='ocrx_word' id='word_1_195' title='bbox 274 3037 337 3100; x_wconf 90' lang='lat' dir='ltr'><strong>Dei</strong></span> <span class='ocrx_word' id='word_1_196' title='bbox 350 3060 501 3120; x_wconf 89' lang='lat' dir='ltr'><strong>,quorum</strong></span> <span class='ocrx_word' id='word_1_197' title='bbox 515 3052 559 3102; x_wconf 87' lang='lat' dir='ltr'><strong>est</strong></span> <span class='ocrx_word' id='word_1_198' title='bbox 570 3039 638 3102; x_wconf 82' lang='lat' dir='ltr'><strong>sons</strong></span> <span class='ocrx_word' id='word_1_199' title='bbox 651 3061 743 3116; x_wconf 88' lang='lat' dir='ltr'><strong>uuus,</strong></span> <span class='ocrx_word' id='word_1_200' title='bbox 758 3059 876 3102; x_wconf 86' lang='lat' dir='ltr'><strong>summa</strong></span> <span class='ocrx_word' id='word_1_201' title='bbox 895 3039 1041 3112; x_wconf 73' lang='lat' dir='ltr'><strong>voluntas,</strong></span> 
     </span>
     <span class='ocr_line' id='line_1_31' title="bbox 170 3129 1017 3218; baseline 0 -25"><span class='ocrx_word' id='word_1_202' title='bbox 170 3129 250 3194; x_wconf 92' lang='lat' dir='ltr'><strong>Cum</strong></span> <span class='ocrx_word' id='word_1_203' title='bbox 264 3131 358 3194; x_wconf 86' lang='lat' dir='ltr'><strong>Paulo</strong></span> <span class='ocrx_word' id='word_1_204' title='bbox 371 3135 527 3196; x_wconf 88' lang='lat' dir='ltr'><strong>tremuisse</strong></span> <span class='ocrx_word' id='word_1_205' title='bbox 539 3135 636 3216; x_wconf 79' lang='lat' dir='ltr'><strong>jurat,</strong></span> <span class='ocrx_word' id='word_1_206' title='bbox 652 3135 867 3218; x_wconf 83' lang='lat' dir='ltr'><strong>stupidumque</strong></span> <span class='ocrx_word' id='word_1_207' title='bbox 878 3134 1017 3196; x_wconf 86' lang='lat' dir='ltr'><strong>modeste</strong></span> 
     </span>
    </p>
   </div>
   <div class='ocr_carea' id='block_1_3' title="bbox 0 0 1074 3846">
    <p class='ocr_par' dir='ltr' id='par_1_6' title="bbox 0 0 1074 3846">
     <span class='ocr_line' id='line_1_32' title="bbox 0 0 1074 3846; baseline 0 0"><span class='ocrx_word' id='word_1_208' title='bbox 0 0 1074 3846; x_wconf 95' lang='lat' dir='ltr'><strong> </strong></span> 
     </span>
    </p>
   </div>
  </div>
 </body>
</html>
