2172 3862
13 316 139 394 ests.
202 373 207 384 ,
263 329 714 390 pronomem.
855 329 916 412 475

12 423 116 486 Fudit
126 423 446 509 virginei-truculentus
458 424 571 488 funeris
582 427 686 491 haeres.

14 517 186 580 Libertatis
203 538 282 601 opns
294 518 401 580 solatia
413 518 583 601 planctibus
597 523 666 605 egit.

14 611 135 674 Militis
146 613 254 674 armati
267 625 383 674 tentum
396 613 533 696 potuisse
544 615 683 678 dolorem
691 660 702 694 ,κ

15 705 177 768 Mirantur
188 699 312 789 populi;
327 707 397 788 quia
410 721 515 789 captus
526 729 633 771 amore
646 711 772 792 pudoris

15 799 132 861 Hostis
144 810 208 862 eret
220 800 356 884 generis,
368 800 466 884 prolis
478 820 580 880 mors,
594 805 744 887 sanguinis
757 805 887 870 haustor.

62 890 319 974 Quid'l’orquata
331 896 457 957 manus?
470 907 543 956 nato
557 916 615 977 pro
632 897 721 960 laude
732 899 882 980 periclum

13 985 128 1048 lutolit
141 990 320 1065 osteudens,
334 1009 401 1068 quae
415 989 453 1049 sit
467 1009 592 1050 censura
606 993 748 1072 parentis.

14 1080 105 1142 Nam
116 1101 214 1162 neque
224 1079 388 1162 cnlpeluit.
404 1079 514 1143 Patriae
525 1087 686 1167 pugnando
703 1086 892 1168 triumphum

15 1173 210 1238 Vulneribus¹
224 1175 306 1237 dedit
318 1174 370 1237 ille
382 1175 462 1252 suis,
478 1175 586 1256 quihus
598 1177 684 1239 hoste
695 1194 858 1262 perempto
961 1251 969 1254 ,

22 1267 166 1353 Contigit
175 1267 336 1352 exstingui,
350 1281 494 1350 tanquam
508 1283 647 1351 superata
659 1274 806 1354 juventus.
866 1263 869 1267 ’

22 1363 176 1442 Quamvis
188 1381 282 1423 nemo
295 1383 347 1424 sue
361 1363 465 1426 stravit
476 1376 545 1445 post
557 1363 638 1426 helle
650 1355 809 1446 cohortes,

21 1455 195 1537 Belliquias
210 1455 303 1520 cladis
313 1455 413 1542 gladio
424 1456 551 1518 feriente
562 1459 689 1521 necavit.

20 1550 137 1626 Addo,
150 1552 233 1632 quod
244 1548 408 1627 invictum,
422 1551 603 1631 dentemque
617 1570 652 1613 ex
665 1549 750 1614 hoste
764 1564 878 1635 tropaee

22 1642 182 1706 Moenibus
192 1645 309 1726 eripuit
321 1645 426 1727 patriae
440 1646 478 1705 de
490 1642 575 1705 clade
586 1643 689 1706 duelli.

23 1737 127 1816 Quis,
142 1757 236 1822 rogo,
248 1740 306 1798 dux
316 1757 420 1819 poenas
433 1757 565 1817 unquam
580 1751 624 1799 est
635 1739 800 1801 victoribus
811 1741 919 1826 ausus?

22 1832 85 1892 Aut
97 1831 165 1911 quis
175 1832 351 1909 adoratum,
362 1830 478 1914 populo
492 1829 632 1892 laudente
643 1853 699 1914 per
713 1832 823 1910 urbes,

22 1923 109 1986 luter
122 1924 367 1988 victriceseudax
379 1938 448 2007 post
459 1925 541 1987 bella
555 1925 713 2000 cohortes,

23 2019 126 2099 Atque
136 2017 333 2099 triumphales
346 2031 415 2100 post
424 2017 664 2099 horridepreelia
676 2039 780 2080 currus

25 2111 202 2174 Percuteret
212 2110 343 2180 sublime
354 2125 461 2193 caput,
476 2112 607 2174 lamenta
619 2112 781 2194 triumphis
886 2173 889 2177 ,

29 2205 199 2288 languet,
215 2217 243 2267 et
257 2201 331 2288 laetis
343 2205 483 2268 misceret
494 2206 589 2274 tristia
602 2205 716 2266 rehu's?

28 2297 194 2381 Oppressit
207 2299 304 2361 sotira
315 2299 423 2374 dolor,
439 2299 544 2360 festiva
556 2293 716 2372 recedunt,

27 2390 155 2456 Publica
165 2392 290 2454 funereo
301 2394 459 2454 turbantur
469 2394 576 2476 gaudia
589 2392 684 2454 luctu.

27 2482 173 2551 Poenituit
184 2485 289 2549 vicisse
302 2487 430 2561 ducem,
445 2486 493 2546 cui
503 2485 599 2568 glorie
614 2497 747 2547 mortem
876 2523 878 2528 -

26 2577 149 2654 Intulit,
163 2593 194 2642 et
205 2581 293 2643 miles
304 2575 458 2642 bellorum
469 2573 618 2660 prospera
630 2576 722 2650 flevit.

26 2673 112 2735 Dum
122 2675 218 2736 lueret
230 2675 326 2745 victor
337 2691 441 2755 poenes
451 2673 567 2734 virtutis
577 2672 729 2746 honestes,

26 2765 160 2828 lllaxima
172 2767 317 2848 justitium
330 2763 455 2830 victoria
468 2767 581 2850 grande
592 2765 707 2847 pararit
719 2807 728 2838 ‚

26 2858 170 2923 Vindicat
181 2860 304 2922 hostiles
315 2861 444 2944 gemitus
456 2860 520 2920 fere
531 2859 632 2922 dextre
641 2861 798 2941 parentis,

28 2953 189 3037 Sanguinis
200 2955 323 3038 ingessit
334 2956 429 3036 pietas
440 2952 566 3014 inimica
578 2954 738 3027 dolorem,

28 3046 164 3110 Barhara
174 3069 266 3130 quem
279 3049 377 3143 rabies
387 3047 489 3110 hostili
502 3047 625 3128 cuspide
640 3047 737 3106 missa.
770 3087 774 3096 ‚

29 3139 138 3204 Pullati
151 3161 309 3224 proceres,
324 3141 497 3205 'vadimonia
510 3140 591 3203 nulle
603 3139 741 3215 luissent,
