2126 3848
145 294 210 378 '276
412 301 769 355 uroosrsrer

512 393 659 454 XVlll.

149 490 234 570 Quid
247 501 351 552 voveat
362 487 501 549 Domino
517 487 648 568 quisquis
660 488 738 548 bene
754 489 846 548 eorde
862 490 998 567 volutat,

189 583 293 663 Ipsum
309 604 340 643 se
354 595 449 643 totum
461 593 628 661 praeparet,
644 593 673 639 et
685 594 812 656 voveat,

148 675 251 756 Major
263 677 344 736 enim
359 675 461 756 nequit
472 672 577 734 oilerri
590 673 685 733 hostia
699 675 809 734 mentis
819 675 853 734 in
867 693 941 748 ara,

190 768 260 830 Neo
273 767 385 829 Christi
400 767 537 846 exemplo
550 766 669 827 suavior
680 767 738 825 exit
752 767 849 842 odor,

149 860 253 940 Quam
267 883 336 924 eum
349 860 442 920 homo
455 873 605 922 castorum
618 858 733 938 profert
742 858 894 921 libamina
908 881 1037 934 morum,

191 954 232 1016 Et
244 957 280 1015 de
294 956 435 1016 virtutum
451 973 576 1014 munere
587 973 667 1014 saera
681 952 755 1013 litat.

63 1087 65 1092 ·
153 1047 204 1110 Sic
216 1051 331 1122 tamen,
345 1060 375 1106 ut
387 1047 490 1122 norit,
505 1047 556 1124 qui
567 1047 662 1106 reddit
676 1058 745 1106 vota
755 1049 874 1108 tonanti
886 1093 896 1123 ,

205 1139 314 1201 Unum
326 1139 432 1199 divinis
443 1139 571 1200 cultibus
585 1158 646 1198 esse
658 1137 768 1199 locum.

155 1237 191 1296 ln
204 1247 268 1295 toto
282 1235 395 1294 mundo
407 1277 416 1309 ,
429 1252 518 1310 quem
532 1251 603 1302 vera
617 1230 741 1293 eeclesia
750 1233 867 1312 praebet
880 1278 890 1308 ,

196 1328 237 1388 Et
248 1328 311 1388 sine
324 1347 383 1405 quo
394 1324 510 1385 nullum
524 1325 642 1406 justitiae
655 1337 699 1386 est
710 1325 863 1389 meritum.

538 1416 638 1478 xlx.
837 1425 841 1427 ’

157 1509 286 1572 Justitiee
300 1513 546 1595 mercesgemiua
559 1523 619 1586 est,
629 1512 677 1574 vel
689 1533 759 1573 oum
772 1511 852 1572 leona
862 1513 979 1590 rectis,

197 1604 259 1666 Vel
273 1606 371 1684 pravis
383 1607 471 1687 digne
483 1627 554 1667 eum
564 1605 642 1667 mala
655 1607 790 1668 restituit.

159 1698 302 1760 Salvatrix
314 1711 413 1758 autem
426 1712 603 1762 cunctorum
613 1702 706 1784 gratia
719 1693 850 1770 Christi,

85 1785 87 1790 ¹
200 1791 274 1852 Non
287 1811 413 1872 pensans
425 1794 568 1854 meritum
582 1793 669 1852 diluit
680 1813 771 1852 omne
782 1790 904 1852 malum
916 1833 928 1868 ,

161 1878 384 1963 credentesque
397 1906 503 1946 omnes
516 1906 662 1946 renovans
674 1886 852 1966 baptismate
866 1905 977 1962 sacrm

200 1979 264 2040 Dat
275 1980 371 2056 bona,
385 2001 450 2058 quae
463 1991 591 2130 propt}
598 1981 651 2130 {et
663 1979 790 2042 meliora
801 1978 908 2041 bouis.

80 2231 82 2243 ,
164 2165 324 2227 Caelestem
339 2166 376 2223 ad
389 2165 517 2242 patriam
534 2162 656 2225 Christo
666 2164 835 2225 redimente
848 2179 977 2228 vocatos

200 2257 306 2344 llitam
321 2257 447 2316 labentis
460 2257 606 2337 temporis
619 2258 728 2337 hospes
741 2259 817 2339 egit3

160 2351 303 2427 Dumque
316 2352 353 2408 ad
363 2351 544 2428 promissam
558 2350 693 2429 requiem
704 2372 766 2411 non
780 2371 836 2433 per
848 2371 906 2413 sua
918 2353 1024 2424 tendit,

203 2441 366 2521 lllundanae
380 2439 491 2517 patitur
502 2443 717 2523 multoperiela
727 2445 792 2504 viae.

165 2531 242 2614 Quae
252 2551 333 2594 nunc
347 2532 465 2591 obsessa
475 2537 622 2612 adversis,
635 2557 714 2598 nune
726 2536 817 2617 plena
829 2540 990 2614 secundis,

206 2627 266 2687 Aut
278 2625 385 2708 frangit
396 2626 548 2705 trepidos,
565 2629 675 2712 obligat
688 2641 737 2690 aot
751 2629 869 2690 dubios.

67 2779 68 2786 ,
165 2719 248 2782 luter
258 2742 334 2800 quos
348 2721 470 2799 laqueos
484 2735 654 2782 currentem
668 2724 704 2782 ad
717 2723 821 2804 gaudia
835 2723 928 2800 ritae,

206 2815 235 2874 N
240 2837 280 2875 on
294 2817 391 2895 capiet
405 2817 548 2890 muudus,
563 2816 610 2877 cui
623 2818 671 2877 via
684 2814 820 2878 Christus
829 2815 900 2876 erit.

559 2907 656 2981 XXl.
924 2900 930 2911 ’

167 3000 260 3062 Nulla
270 2999 370 3058 anima
382 3015 441 3077 est,
453 3023 518 3079 quae
528 3022 590 3064 non
605 3000 724 3064 mortali
739 3021 829 3064 earne
841 3015 1000 3086 gravetur,

208 3094 239 3156 N
243 3105 282 3156 eo*
289 3095 325 3155 de
339 3115 485 3176 corporea
496 3095 669 3157 conditione
680 3105 788 3177 gemat.
