<?xml version="1.0" encoding="UTF-8"?>
<!DOCTYPE html PUBLIC "-//W3C//DTD XHTML 1.0 Transitional//EN"
    "http://www.w3.org/TR/xhtml1/DTD/xhtml1-transitional.dtd">
<html xmlns="http://www.w3.org/1999/xhtml" xml:lang="en" lang="en">
 <head>
  <title>
</title>
<meta http-equiv="Content-Type" content="text/html;charset=utf-8" />
  <meta name='ocr-system' content='tesseract 3.04.00' />
  <meta name='ocr-capabilities' content='ocr_page ocr_carea ocr_par ocr_line ocrx_word'/>
</head>
<body>
  <div class='ocr_page' id='page_1' title='image "./caiicaeliisedul00sedugoog_0397.png"; bbox 0 0 2142 3858; ppageno 0'>
   <div class='ocr_carea' id='block_1_1' title="bbox 140 315 1027 404">
    <p class='ocr_par' dir='ltr' id='par_1_1' title="bbox 140 315 1027 404">
     <span class='ocr_line' id='line_1_1' title="bbox 140 315 1027 404; baseline -0.007 -20"><span class='ocrx_word' id='word_1_1' title='bbox 140 315 201 400; x_wconf 83' lang='lat'>³90</span> <span class='ocrx_word' id='word_1_2' title='bbox 357 329 534 384; x_wconf 69' lang='lat' dir='ltr'>antronrs</span> <span class='ocrx_word' id='word_1_3' title='bbox 560 327 800 383; x_wconf 75' lang='lat' dir='ltr'>mosrouon</span> <span class='ocrx_word' id='word_1_4' title='bbox 892 339 923 378; x_wconf 77' lang='lat' dir='ltr'>v.</span> <span class='ocrx_word' id='word_1_5' title='bbox 941 320 1027 404; x_wconf 70' lang='lat'><strong>1095.</strong></span> 
     </span>
    </p>
   </div>
   <div class='ocr_carea' id='block_1_2' title="bbox 102 419 1066 1804">
    <p class='ocr_par' dir='ltr' id='par_1_2' title="bbox 141 419 1066 1247">
     <span class='ocr_line' id='line_1_2' title="bbox 142 419 808 506; baseline 0.003 -26"><span class='ocrx_word' id='word_1_6' title='bbox 142 419 808 506; x_wconf 79' lang='lat' dir='ltr'>Prosperiorefreto‚eujuscustodiatandem</span> 
     </span>
     <span class='ocr_line' id='line_1_3' title="bbox 142 507 922 595; baseline 0.008 -25"><span class='ocrx_word' id='word_1_7' title='bbox 142 509 295 590; x_wconf 73' lang='lat' dir='ltr'>Solvitur,</span> <span class='ocrx_word' id='word_1_8' title='bbox 309 528 340 576; x_wconf 93' lang='lat' dir='ltr'>et</span> <span class='ocrx_word' id='word_1_9' title='bbox 351 536 429 578; x_wconf 78' lang='lat' dir='ltr'>saevo</span> <span class='ocrx_word' id='word_1_10' title='bbox 442 516 669 578; x_wconf 83' lang='lat' dir='ltr'>veneranturah</span> <span class='ocrx_word' id='word_1_11' title='bbox 682 507 922 595; x_wconf 79' lang='lat' dir='ltr'>sequorerecti,</span> 
     </span>
     <span class='ocr_line' id='line_1_4' title="bbox 143 603 894 692; baseline 0.005 -27"><span class='ocrx_word' id='word_1_12' title='bbox 143 603 245 684; x_wconf 87' lang='lat' dir='ltr'><strong>Quem</strong></span> <span class='ocrx_word' id='word_1_13' title='bbox 256 622 378 689; x_wconf 84' lang='lat' dir='ltr'>porurm</span> <span class='ocrx_word' id='word_1_14' title='bbox 390 629 508 672; x_wconf 77' lang='lat' dir='ltr'>sensere</span> <span class='ocrx_word' id='word_1_15' title='bbox 520 629 616 670; x_wconf 88' lang='lat' dir='ltr'>suum:</span> <span class='ocrx_word' id='word_1_16' title='bbox 629 607 705 692; x_wconf 83' lang='lat' dir='ltr'>gerit</span> <span class='ocrx_word' id='word_1_17' title='bbox 718 607 769 668; x_wconf 88' lang='lat' dir='ltr'>illa</span> <span class='ocrx_word' id='word_1_18' title='bbox 781 611 894 685; x_wconf 83' lang='lat' dir='ltr'>ruina,</span> 
     </span>
     <span class='ocr_line' id='line_1_5' title="bbox 141 696 1066 783; baseline 0.006 -26"><span class='ocrx_word' id='word_1_19' title='bbox 141 696 173 758; x_wconf 90' lang='lat' dir='ltr'>N</span> <span class='ocrx_word' id='word_1_20' title='bbox 176 719 192 758; x_wconf 87' lang='lat' dir='ltr'>e</span> <span class='ocrx_word' id='word_1_21' title='bbox 202 697 309 778; x_wconf 88' lang='lat' dir='ltr'>lateat,</span> <span class='ocrx_word' id='word_1_22' title='bbox 324 703 402 782; x_wconf 90' lang='lat' dir='ltr'>quod</span> <span class='ocrx_word' id='word_1_23' title='bbox 416 699 526 764; x_wconf 87' lang='lat' dir='ltr'>Paulus</span> <span class='ocrx_word' id='word_1_24' title='bbox 538 714 620 778; x_wconf 83' lang='lat' dir='ltr'>erat,</span> <span class='ocrx_word' id='word_1_25' title='bbox 634 713 809 780; x_wconf 87' lang='lat' dir='ltr'>sanctusque</span> <span class='ocrx_word' id='word_1_26' title='bbox 822 713 970 783; x_wconf 74' lang='lat' dir='ltr'>patescat</span> <span class='ocrx_word' id='word_1_27' title='bbox 1065 726 1066 774; x_wconf 70' lang='grc' dir='ltr'><strong>ι</strong></span> 
     </span>
     <span class='ocr_line' id='line_1_6' title="bbox 141 789 890 905; baseline 0.003 -53"><span class='ocrx_word' id='word_1_28' title='bbox 141 789 299 855; x_wconf 79' lang='lat' dir='ltr'>Assertore</span> <span class='ocrx_word' id='word_1_29' title='bbox 311 796 406 867; x_wconf 85' lang='lat' dir='ltr'>mari;</span> <span class='ocrx_word' id='word_1_30' title='bbox 422 796 572 905; x_wconf 72' lang='lat' dir='ltr'>raptisque</span> <span class='ocrx_word' id='word_1_31' title='bbox 585 794 733 856; x_wconf 86' lang='lat' dir='ltr'>elementa</span> <span class='ocrx_word' id='word_1_32' title='bbox 744 793 890 854; x_wconf 86' lang='lat' dir='ltr'>laborant</span> 
     </span>
     <span class='ocr_line' id='line_1_7' title="bbox 143 879 978 965; baseline 0.007 -23"><span class='ocrx_word' id='word_1_33' title='bbox 143 879 322 946; x_wconf 75' lang='lat' dir='ltr'>luminibus</span> <span class='ocrx_word' id='word_1_34' title='bbox 335 901 502 950; x_wconf 87' lang='lat' dir='ltr'>monstrare</span> <span class='ocrx_word' id='word_1_35' title='bbox 516 889 614 952; x_wconf 81' lang='lat' dir='ltr'>virum</span> <span class='ocrx_word' id='word_1_36' title='bbox 625 885 815 965; x_wconf 83' lang='lat' dir='ltr'>‚mediisque</span> <span class='ocrx_word' id='word_1_37' title='bbox 829 887 978 950; x_wconf 84' lang='lat' dir='ltr'>tenebris</span> 
     </span>
     <span class='ocr_line' id='line_1_8' title="bbox 144 974 757 1062; baseline 0.008 -28"><span class='ocrx_word' id='word_1_38' title='bbox 144 974 280 1056; x_wconf 77' lang='lat' dir='ltr'>Apparet</span> <span class='ocrx_word' id='word_1_39' title='bbox 292 980 403 1041; x_wconf 86' lang='lat' dir='ltr'>radiata</span> <span class='ocrx_word' id='word_1_40' title='bbox 416 982 507 1054; x_wconf 79' lang='lat' dir='ltr'>lides3</span> <span class='ocrx_word' id='word_1_41' title='bbox 522 982 554 1042; x_wconf 86' lang='lat' dir='ltr'>fit</span> <span class='ocrx_word' id='word_1_42' title='bbox 568 978 757 1062; x_wconf 87' lang='lat' dir='ltr'>laureajustis</span> 
     </span>
     <span class='ocr_line' id='line_1_9' title="bbox 144 1065 936 1158; baseline 0.008 -30"><span class='ocrx_word' id='word_1_43' title='bbox 144 1065 315 1150; x_wconf 83' lang='lat' dir='ltr'>Expretio‚</span> <span class='ocrx_word' id='word_1_44' title='bbox 328 1074 410 1152; x_wconf 92' lang='lat' dir='ltr'>quod</span> <span class='ocrx_word' id='word_1_45' title='bbox 421 1087 522 1136; x_wconf 89' lang='lat' dir='ltr'>terror</span> <span class='ocrx_word' id='word_1_46' title='bbox 534 1074 606 1158; x_wconf 82' lang='lat' dir='ltr'>agit,</span> <span class='ocrx_word' id='word_1_47' title='bbox 620 1091 816 1149; x_wconf 85' lang='lat' dir='ltr'>mansuraque</span> <span class='ocrx_word' id='word_1_48' title='bbox 827 1071 936 1134; x_wconf 80' lang='lat' dir='ltr'>virtus</span> 
     </span>
     <span class='ocr_line' id='line_1_10' title="bbox 148 1158 884 1247; baseline 0.003 -25"><span class='ocrx_word' id='word_1_49' title='bbox 148 1158 265 1225; x_wconf 79' lang='lat' dir='ltr'>Crescit</span> <span class='ocrx_word' id='word_1_50' title='bbox 275 1166 306 1226; x_wconf 93' lang='lat' dir='ltr'>in</span> <span class='ocrx_word' id='word_1_51' title='bbox 318 1168 467 1243; x_wconf 83' lang='lat' dir='ltr'>adversis,</span> <span class='ocrx_word' id='word_1_52' title='bbox 481 1189 547 1247; x_wconf 81' lang='lat' dir='ltr'>quoe</span> <span class='ocrx_word' id='word_1_53' title='bbox 558 1166 681 1226; x_wconf 83' lang='lat' dir='ltr'>testibus</span> <span class='ocrx_word' id='word_1_54' title='bbox 693 1183 744 1224; x_wconf 87' lang='lat' dir='ltr'>usa</span> <span class='ocrx_word' id='word_1_55' title='bbox 752 1162 884 1244; x_wconf 91' lang='lat' dir='ltr'>periclis</span> 
     </span>
    </p>

    <p class='ocr_par' dir='ltr' id='par_1_3' title="bbox 102 1253 1013 1804">
     <span class='ocr_line' id='line_1_11' title="bbox 102 1253 1013 1336; baseline 0.002 -22"><span class='ocrx_word' id='word_1_56' title='bbox 102 1257 106 1272; x_wconf 86' lang='lat'><em>&#39;</em></span> <span class='ocrx_word' id='word_1_57' title='bbox 145 1253 194 1315; x_wconf 80' lang='lat' dir='ltr'>Ad</span> <span class='ocrx_word' id='word_1_58' title='bbox 207 1258 348 1319; x_wconf 92' lang='lat' dir='ltr'>meritum</span> <span class='ocrx_word' id='word_1_59' title='bbox 361 1261 521 1323; x_wconf 87' lang='lat' dir='ltr'>discrimen</span> <span class='ocrx_word' id='word_1_60' title='bbox 534 1258 642 1320; x_wconf 85' lang='lat' dir='ltr'>habet:</span> <span class='ocrx_word' id='word_1_61' title='bbox 656 1269 735 1318; x_wconf 80' lang='lat' dir='ltr'>‘stans</span> <span class='ocrx_word' id='word_1_62' title='bbox 745 1256 880 1336; x_wconf 87' lang='lat' dir='ltr'>denique</span> <span class='ocrx_word' id='word_1_63' title='bbox 895 1255 1013 1318; x_wconf 86' lang='lat' dir='ltr'>Paulus</span> 
     </span>
     <span class='ocr_line' id='line_1_12' title="bbox 146 1346 848 1434; baseline -0.003 -24"><span class='ocrx_word' id='word_1_64' title='bbox 146 1346 341 1412; x_wconf 77' lang='lat' dir='ltr'>Conclamata</span> <span class='ocrx_word' id='word_1_65' title='bbox 351 1354 411 1434; x_wconf 86' lang='lat' dir='ltr'>piis</span> <span class='ocrx_word' id='word_1_66' title='bbox 419 1354 531 1412; x_wconf 88' lang='lat' dir='ltr'>animat</span> <span class='ocrx_word' id='word_1_67' title='bbox 542 1350 585 1412; x_wconf 91' lang='lat' dir='ltr'>sic</span> <span class='ocrx_word' id='word_1_68' title='bbox 596 1362 721 1431; x_wconf 85' lang='lat' dir='ltr'>pectora</span> <span class='ocrx_word' id='word_1_69' title='bbox 730 1349 829 1409; x_wconf 85' lang='lat' dir='ltr'>verbis</span> <span class='ocrx_word' id='word_1_70' title='bbox 841 1371 848 1407; x_wconf 92' lang='lat'>:</span> 
     </span>
     <span class='ocr_line' id='line_1_13' title="bbox 148 1437 797 1524; baseline 0 -24"><span class='ocrx_word' id='word_1_71' title='bbox 148 1437 179 1501; x_wconf 94' lang='lat'>0</span> <span class='ocrx_word' id='word_1_72' title='bbox 188 1443 301 1504; x_wconf 90' lang='lat' dir='ltr'>utinam</span> <span class='ocrx_word' id='word_1_73' title='bbox 315 1445 423 1505; x_wconf 88' lang='lat' dir='ltr'>nostris</span> <span class='ocrx_word' id='word_1_74' title='bbox 436 1443 581 1504; x_wconf 78' lang='lat' dir='ltr'>noluisses</span> <span class='ocrx_word' id='word_1_75' title='bbox 593 1442 652 1504; x_wconf 85' lang='lat' dir='ltr'>fida</span> <span class='ocrx_word' id='word_1_76' title='bbox 662 1444 797 1524; x_wconf 85' lang='lat' dir='ltr'>juventus</span> 
     </span>
     <span class='ocr_line' id='line_1_14' title="bbox 147 1529 797 1620; baseline 0 -26"><span class='ocrx_word' id='word_1_77' title='bbox 147 1529 291 1596; x_wconf 88' lang='lat' dir='ltr'>Consiliis</span> <span class='ocrx_word' id='word_1_78' title='bbox 297 1557 404 1618; x_wconf 88' lang='lat' dir='ltr'>parere</span> <span class='ocrx_word' id='word_1_79' title='bbox 417 1537 518 1620; x_wconf 84' lang='lat' dir='ltr'>prius,</span> <span class='ocrx_word' id='word_1_80' title='bbox 530 1557 567 1596; x_wconf 88' lang='lat' dir='ltr'>ne</span> <span class='ocrx_word' id='word_1_81' title='bbox 581 1535 682 1596; x_wconf 84' lang='lat' dir='ltr'>littora</span> <span class='ocrx_word' id='word_1_82' title='bbox 697 1532 797 1597; x_wconf 79' lang='lat' dir='ltr'>Cretae</span> 
     </span>
     <span class='ocr_line' id='line_1_15' title="bbox 145 1623 876 1710; baseline 0 -26"><span class='ocrx_word' id='word_1_83' title='bbox 145 1623 326 1706; x_wconf 80' lang='lat' dir='ltr'>linqueres,</span> <span class='ocrx_word' id='word_1_84' title='bbox 341 1630 437 1692; x_wconf 90' lang='lat' dir='ltr'>insani</span> <span class='ocrx_word' id='word_1_85' title='bbox 451 1629 565 1692; x_wconf 85' lang='lat' dir='ltr'>rabiem</span> <span class='ocrx_word' id='word_1_86' title='bbox 579 1646 698 1710; x_wconf 90' lang='lat' dir='ltr'>passura</span> <span class='ocrx_word' id='word_1_87' title='bbox 711 1625 876 1708; x_wconf 77' lang='lat' dir='ltr'>profundi!</span> 
     </span>
     <span class='ocr_line' id='line_1_16' title="bbox 144 1715 891 1804; baseline 0.001 -26"><span class='ocrx_word' id='word_1_88' title='bbox 144 1715 219 1779; x_wconf 91' lang='lat' dir='ltr'>Non</span> <span class='ocrx_word' id='word_1_89' title='bbox 232 1721 328 1804; x_wconf 85' lang='lat' dir='ltr'>pelagi</span> <span class='ocrx_word' id='word_1_90' title='bbox 341 1724 467 1804; x_wconf 87' lang='lat' dir='ltr'>coelique</span> <span class='ocrx_word' id='word_1_91' title='bbox 480 1723 577 1784; x_wconf 86' lang='lat' dir='ltr'>minas</span> <span class='ocrx_word' id='word_1_92' title='bbox 589 1740 652 1782; x_wconf 95' lang='lat' dir='ltr'>non</span> <span class='ocrx_word' id='word_1_93' title='bbox 665 1719 748 1780; x_wconf 87' lang='lat' dir='ltr'>triste</span> <span class='ocrx_word' id='word_1_94' title='bbox 766 1717 891 1780; x_wconf 86' lang='lat' dir='ltr'>tulisses</span> 
     </span>
    </p>
   </div>
   <div class='ocr_carea' id='block_1_3' title="bbox 128 1809 868 1987">
    <p class='ocr_par' dir='ltr' id='par_1_4' title="bbox 128 1809 868 1987">
     <span class='ocr_line' id='line_1_17' title="bbox 128 1809 868 1898; baseline 0 -28"><span class='ocrx_word' id='word_1_95' title='bbox 128 1889 129 1894; x_wconf 8' lang='grc' dir='ltr'>η</span> <span class='ocrx_word' id='word_1_96' title='bbox 145 1809 276 1876; x_wconf 79' lang='lat' dir='ltr'>Jaoturae</span> <span class='ocrx_word' id='word_1_97' title='bbox 288 1814 461 1898; x_wconf 89' lang='lat' dir='ltr'>populantis</span> <span class='ocrx_word' id='word_1_98' title='bbox 474 1836 568 1890; x_wconf 79' lang='lat' dir='ltr'>onus,</span> <span class='ocrx_word' id='word_1_99' title='bbox 582 1813 766 1876; x_wconf 86' lang='lat' dir='ltr'>necturbine</span> <span class='ocrx_word' id='word_1_100' title='bbox 778 1823 868 1872; x_wconf 85' lang='lat' dir='ltr'>tanto</span> 
     </span>
     <span class='ocr_line' id='line_1_18' title="bbox 146 1899 821 1987; baseline 0.004 -28"><span class='ocrx_word' id='word_1_101' title='bbox 146 1900 316 1982; x_wconf 91' lang='lat' dir='ltr'>Desperata</span> <span class='ocrx_word' id='word_1_102' title='bbox 326 1902 402 1964; x_wconf 89' lang='lat' dir='ltr'>salus</span> <span class='ocrx_word' id='word_1_103' title='bbox 409 1914 543 1987; x_wconf 81' lang='lat' dir='ltr'>gemeret</span> <span class='ocrx_word' id='word_1_104' title='bbox 555 1900 686 1964; x_wconf 84' lang='lat' dir='ltr'>confinia</span> <span class='ocrx_word' id='word_1_105' title='bbox 697 1899 821 1975; x_wconf 85' lang='lat' dir='ltr'>mortis,</span> 
     </span>
    </p>
   </div>
   <div class='ocr_carea' id='block_1_4' title="bbox 147 1991 1031 3183">
    <p class='ocr_par' dir='ltr' id='par_1_5' title="bbox 148 1991 1005 2171">
     <span class='ocr_line' id='line_1_19' title="bbox 148 1991 1005 2078; baseline 0.006 -26"><span class='ocrx_word' id='word_1_106' title='bbox 148 1991 227 2071; x_wconf 81' lang='lat' dir='ltr'>Quae</span> <span class='ocrx_word' id='word_1_107' title='bbox 239 2008 340 2058; x_wconf 89' lang='lat' dir='ltr'>tamen</span> <span class='ocrx_word' id='word_1_108' title='bbox 351 1996 517 2059; x_wconf 90' lang='lat' dir='ltr'>humanum</span> <span class='ocrx_word' id='word_1_109' title='bbox 527 1996 738 2058; x_wconf 89' lang='lat' dir='ltr'>transcendunt</span> <span class='ocrx_word' id='word_1_110' title='bbox 750 1993 855 2078; x_wconf 83' lang='lat' dir='ltr'>gaudia</span> <span class='ocrx_word' id='word_1_111' title='bbox 868 2006 1005 2074; x_wconf 79' lang='lat' dir='ltr'>votum,</span> 
     </span>
     <span class='ocr_line' id='line_1_20' title="bbox 148 2083 913 2171; baseline 0.005 -27"><span class='ocrx_word' id='word_1_112' title='bbox 148 2083 225 2148; x_wconf 81' lang='lat' dir='ltr'>llaec</span> <span class='ocrx_word' id='word_1_113' title='bbox 234 2089 321 2150; x_wconf 80' lang='lat' dir='ltr'>facile</span> <span class='ocrx_word' id='word_1_114' title='bbox 331 2102 375 2151; x_wconf 89' lang='lat' dir='ltr'>est</span> <span class='ocrx_word' id='word_1_115' title='bbox 384 2102 523 2171; x_wconf 82' lang='lat' dir='ltr'>proestare</span> <span class='ocrx_word' id='word_1_116' title='bbox 534 2087 617 2165; x_wconf 87' lang='lat' dir='ltr'>Deo,</span> <span class='ocrx_word' id='word_1_117' title='bbox 632 2087 680 2152; x_wconf 92' lang='lat' dir='ltr'>cui</span> <span class='ocrx_word' id='word_1_118' title='bbox 692 2085 825 2148; x_wconf 88' lang='lat' dir='ltr'>muneris</span> <span class='ocrx_word' id='word_1_119' title='bbox 837 2106 913 2148; x_wconf 88' lang='lat' dir='ltr'>usus</span> 
     </span>
    </p>

    <p class='ocr_par' dir='ltr' id='par_1_6' title="bbox 147 2175 1031 2355">
     <span class='ocr_line' id='line_1_21' title="bbox 150 2175 1031 2262; baseline 0.006 -25"><span class='ocrx_word' id='word_1_120' title='bbox 150 2175 212 2241; x_wconf 80' lang='lat' dir='ltr'>llic</span> <span class='ocrx_word' id='word_1_121' title='bbox 225 2182 346 2260; x_wconf 83' lang='lat' dir='ltr'>potior,</span> <span class='ocrx_word' id='word_1_122' title='bbox 359 2203 450 2262; x_wconf 92' lang='lat' dir='ltr'>quem</span> <span class='ocrx_word' id='word_1_123' title='bbox 461 2202 552 2243; x_wconf 91' lang='lat' dir='ltr'>nemo</span> <span class='ocrx_word' id='word_1_124' title='bbox 566 2193 678 2262; x_wconf 91' lang='lat' dir='ltr'>putat</span> <span class='ocrx_word' id='word_1_125' title='bbox 669 2203 676 2217; x_wconf 95' lang='lat'><strong>·</strong></span> <span class='ocrx_word' id='word_1_126' title='bbox 693 2200 763 2242; x_wconf 90' lang='lat' dir='ltr'>nam</span> <span class='ocrx_word' id='word_1_127' title='bbox 774 2179 1031 2242; x_wconf 84' lang='lat' dir='ltr'>missusabastris</span> 
     </span>
     <span class='ocr_line' id='line_1_22' title="bbox 147 2269 866 2355; baseline 0.007 -27"><span class='ocrx_word' id='word_1_128' title='bbox 147 2269 278 2352; x_wconf 82' lang='lat' dir='ltr'>Angelus</span> <span class='ocrx_word' id='word_1_129' title='bbox 289 2273 352 2336; x_wconf 80' lang='lat' dir='ltr'>haec</span> <span class='ocrx_word' id='word_1_130' title='bbox 363 2273 481 2355; x_wconf 87' lang='lat' dir='ltr'>placido</span> <span class='ocrx_word' id='word_1_131' title='bbox 493 2275 614 2335; x_wconf 86' lang='lat' dir='ltr'>veniens</span> <span class='ocrx_word' id='word_1_132' title='bbox 628 2273 783 2335; x_wconf 86' lang='lat' dir='ltr'>denuntiat</span> <span class='ocrx_word' id='word_1_133' title='bbox 796 2291 866 2333; x_wconf 89' lang='lat' dir='ltr'>ore·</span> 
     </span>
    </p>

    <p class='ocr_par' dir='ltr' id='par_1_7' title="bbox 151 2359 957 2541">
     <span class='ocr_line' id='line_1_23' title="bbox 151 2359 957 2450; baseline 0.004 -29"><span class='ocrx_word' id='word_1_134' title='bbox 151 2359 254 2440; x_wconf 84' lang='lat' dir='ltr'>Quam</span> <span class='ocrx_word' id='word_1_135' title='bbox 266 2365 385 2426; x_wconf 87' lang='lat' dir='ltr'>turbam</span> <span class='ocrx_word' id='word_1_136' title='bbox 399 2366 499 2450; x_wconf 80' lang='lat' dir='ltr'>vehit</span> <span class='ocrx_word' id='word_1_137' title='bbox 490 2379 544 2428; x_wconf 83' lang='lat' dir='ltr'>rsta</span> <span class='ocrx_word' id='word_1_138' title='bbox 554 2366 643 2440; x_wconf 78' lang='lat' dir='ltr'>ratis,</span> <span class='ocrx_word' id='word_1_139' title='bbox 656 2365 711 2426; x_wconf 89' lang='lat' dir='ltr'>tibi</span> <span class='ocrx_word' id='word_1_140' title='bbox 723 2378 822 2432; x_wconf 88' lang='lat' dir='ltr'>rector</span> <span class='ocrx_word' id='word_1_141' title='bbox 831 2364 957 2448; x_wconf 87' lang='lat' dir='ltr'>olympi</span> 
     </span>
     <span class='ocr_line' id='line_1_24' title="bbox 151 2451 828 2541; baseline 0.004 -27"><span class='ocrx_word' id='word_1_142' title='bbox 151 2451 309 2530; x_wconf 84' lang='lat' dir='ltr'>Contulit,</span> <span class='ocrx_word' id='word_1_143' title='bbox 323 2470 354 2516; x_wconf 94' lang='lat' dir='ltr'>ut</span> <span class='ocrx_word' id='word_1_144' title='bbox 365 2458 454 2519; x_wconf 87' lang='lat' dir='ltr'>nullis</span> <span class='ocrx_word' id='word_1_145' title='bbox 465 2459 568 2541; x_wconf 83' lang='lat' dir='ltr'>figatur</span> <span class='ocrx_word' id='word_1_146' title='bbox 579 2458 718 2541; x_wconf 82' lang='lat' dir='ltr'>naufraga</span> <span class='ocrx_word' id='word_1_147' title='bbox 733 2458 828 2532; x_wconf 86' lang='lat' dir='ltr'>saris,</span> 
     </span>
    </p>

    <p class='ocr_par' dir='ltr' id='par_1_8' title="bbox 150 2542 908 2632">
     <span class='ocr_line' id='line_1_25' title="bbox 150 2542 908 2632; baseline 0.001 -25"><span class='ocrx_word' id='word_1_148' title='bbox 150 2542 273 2607; x_wconf 81' lang='lat' dir='ltr'>Credite</span> <span class='ocrx_word' id='word_1_149' title='bbox 285 2549 483 2624; x_wconf 75' lang='lat' dir='ltr'>versionem,</span> <span class='ocrx_word' id='word_1_150' title='bbox 496 2571 553 2612; x_wconf 91' lang='lat' dir='ltr'>nec</span> <span class='ocrx_word' id='word_1_151' title='bbox 570 2571 623 2632; x_wconf 90' lang='lat' dir='ltr'>spe</span> <span class='ocrx_word' id='word_1_152' title='bbox 638 2549 809 2611; x_wconf 87' lang='lat' dir='ltr'>lrustabor</span> <span class='ocrx_word' id='word_1_153' title='bbox 799 2548 908 2624; x_wconf 87' lang='lat' dir='ltr'>mani,</span> 
     </span>
    </p>

    <p class='ocr_par' dir='ltr' id='par_1_9' title="bbox 150 2636 889 2722">
     <span class='ocr_line' id='line_1_26' title="bbox 150 2636 889 2722; baseline 0.004 -24"><span class='ocrx_word' id='word_1_154' title='bbox 150 2636 214 2717; x_wconf 89' lang='lat' dir='ltr'>Qui</span> <span class='ocrx_word' id='word_1_155' title='bbox 226 2641 322 2700; x_wconf 87' lang='lat' dir='ltr'>merui</span> <span class='ocrx_word' id='word_1_156' title='bbox 336 2641 482 2722; x_wconf 88' lang='lat' dir='ltr'>promissa</span> <span class='ocrx_word' id='word_1_157' title='bbox 496 2641 556 2703; x_wconf 88' lang='lat' dir='ltr'>Dei</span> <span class='ocrx_word' id='word_1_158' title='bbox 567 2687 576 2718; x_wconf 87' lang='lat'>‚</span> <span class='ocrx_word' id='word_1_159' title='bbox 589 2661 785 2721; x_wconf 86' lang='lat' dir='ltr'>concessaque</span> <span class='ocrx_word' id='word_1_160' title='bbox 794 2639 889 2702; x_wconf 91' lang='lat' dir='ltr'>nobis</span> 
     </span>
    </p>

    <p class='ocr_par' dir='ltr' id='par_1_10' title="bbox 149 2729 829 2818">
     <span class='ocr_line' id='line_1_27' title="bbox 149 2729 829 2818; baseline 0.004 -28"><span class='ocrx_word' id='word_1_161' title='bbox 149 2729 249 2793; x_wconf 88' lang='lat' dir='ltr'>lnsula</span> <span class='ocrx_word' id='word_1_162' title='bbox 260 2747 364 2815; x_wconf 88' lang='lat' dir='ltr'>portus</span> <span class='ocrx_word' id='word_1_163' title='bbox 375 2735 431 2795; x_wconf 88' lang='lat' dir='ltr'>erit</span> <span class='ocrx_word' id='word_1_164' title='bbox 444 2779 453 2811; x_wconf 88' lang='lat'>‚</span> <span class='ocrx_word' id='word_1_165' title='bbox 473 2737 555 2818; x_wconf 87' lang='lat' dir='ltr'>cujus</span> <span class='ocrx_word' id='word_1_166' title='bbox 567 2735 693 2808; x_wconf 84' lang='lat' dir='ltr'>statione</span> <span class='ocrx_word' id='word_1_167' title='bbox 706 2734 829 2809; x_wconf 88' lang='lat' dir='ltr'>licebit,</span> 
     </span>
    </p>

    <p class='ocr_par' dir='ltr' id='par_1_11' title="bbox 150 2823 761 2906">
     <span class='ocr_line' id='line_1_28' title="bbox 150 2823 761 2906; baseline 0.007 -24"><span class='ocrx_word' id='word_1_168' title='bbox 150 2823 280 2906; x_wconf 82' lang='lat' dir='ltr'>Arrepta</span> <span class='ocrx_word' id='word_1_169' title='bbox 293 2828 398 2889; x_wconf 86' lang='lat' dir='ltr'>tellure</span> <span class='ocrx_word' id='word_1_170' title='bbox 411 2828 469 2888; x_wconf 79' lang='lat' dir='ltr'>frui</span> <span class='ocrx_word' id='word_1_171' title='bbox 483 2871 492 2903; x_wconf 86' lang='lat'>‚</span> <span class='ocrx_word' id='word_1_172' title='bbox 506 2827 648 2906; x_wconf 85' lang='lat' dir='ltr'>navisque</span> <span class='ocrx_word' id='word_1_173' title='bbox 658 2826 761 2888; x_wconf 82' lang='lat' dir='ltr'>solutse</span> 
     </span>
    </p>

    <p class='ocr_par' dir='ltr' id='par_1_12' title="bbox 151 2913 884 3002">
     <span class='ocr_line' id='line_1_29' title="bbox 151 2913 884 3002; baseline 0.001 -28"><span class='ocrx_word' id='word_1_174' title='bbox 151 2913 348 2998; x_wconf 86' lang='lat' dir='ltr'>Prospectare</span> <span class='ocrx_word' id='word_1_175' title='bbox 359 2940 479 3002; x_wconf 82' lang='lat' dir='ltr'>gravem</span> <span class='ocrx_word' id='word_1_176' title='bbox 492 2920 576 2980; x_wconf 92' lang='lat' dir='ltr'>nullo</span> <span class='ocrx_word' id='word_1_177' title='bbox 589 2919 763 2981; x_wconf 86' lang='lat' dir='ltr'>discrimine</span> <span class='ocrx_word' id='word_1_178' title='bbox 771 2935 884 2978; x_wconf 79' lang='lat' dir='ltr'>casum</span> 
     </span>
    </p>

    <p class='ocr_par' dir='ltr' id='par_1_13' title="bbox 153 3007 875 3094">
     <span class='ocr_line' id='line_1_30' title="bbox 153 3007 875 3094; baseline 0 -26"><span class='ocrx_word' id='word_1_179' title='bbox 153 3007 213 3069; x_wconf 88' lang='lat' dir='ltr'>llis</span> <span class='ocrx_word' id='word_1_180' title='bbox 222 3010 307 3072; x_wconf 87' lang='lat' dir='ltr'>dictis</span> <span class='ocrx_word' id='word_1_181' title='bbox 320 3013 379 3072; x_wconf 91' lang='lat' dir='ltr'>ruit</span> <span class='ocrx_word' id='word_1_182' title='bbox 393 3014 437 3073; x_wconf 84' lang='lat' dir='ltr'>ira</span> <span class='ocrx_word' id='word_1_183' title='bbox 451 3007 561 3088; x_wconf 51' lang='lat' dir='ltr'>maris3</span> <span class='ocrx_word' id='word_1_184' title='bbox 575 3011 747 3094; x_wconf 70' lang='lat' dir='ltr'>sublataque</span> <span class='ocrx_word' id='word_1_185' title='bbox 760 3009 875 3069; x_wconf 86' lang='lat' dir='ltr'>dudum</span> 
     </span>
    </p>

    <p class='ocr_par' dir='ltr' id='par_1_14' title="bbox 152 3098 870 3183">
     <span class='ocr_line' id='line_1_31' title="bbox 152 3098 870 3183; baseline -0.001 -22"><span class='ocrx_word' id='word_1_186' title='bbox 152 3098 216 3161; x_wconf 85' lang='lat' dir='ltr'>Lux</span> <span class='ocrx_word' id='word_1_187' title='bbox 227 3117 363 3166; x_wconf 84' lang='lat' dir='ltr'>revocata</span> <span class='ocrx_word' id='word_1_188' title='bbox 374 3107 486 3182; x_wconf 87' lang='lat' dir='ltr'>micat,</span> <span class='ocrx_word' id='word_1_189' title='bbox 500 3104 648 3168; x_wconf 80' lang='lat' dir='ltr'>velamine</span> <span class='ocrx_word' id='word_1_190' title='bbox 656 3103 752 3166; x_wconf 86' lang='lat' dir='ltr'>noctis</span> <span class='ocrx_word' id='word_1_191' title='bbox 764 3111 870 3183; x_wconf 87' lang='lat' dir='ltr'>aperto</span> 
     </span>
    </p>
   </div>
   <div class='ocr_carea' id='block_1_5' title="bbox 0 0 1085 3858">
    <p class='ocr_par' dir='ltr' id='par_1_15' title="bbox 0 0 1085 3858">
     <span class='ocr_line' id='line_1_32' title="bbox 0 0 1085 3858; baseline 0 0"><span class='ocrx_word' id='word_1_192' title='bbox 0 0 1085 3858; x_wconf 95' lang='lat' dir='ltr'> </span> 
     </span>
    </p>
   </div>
  </div>
 </body>
</html>
