2198 3844
395 327 541 388 CAELII
571 314 773 376 SEDULll
910 298 1030 384 MSJ.

491 421 636 502 ,verique
648 416 703 476 hae
715 423 778 472 arte
791 399 930 470 videnlur
1002 433 1007 449 .

146 544 447 626 Transplantatorum
459 521 589 584 cultores
601 530 663 572 esse
676 509 813 568 deorum.

148 645 241 708 Plura
254 637 366 706 referre
379 623 489 707 pudet,
503 621 664 685 sanctoque
678 603 710 661 in
720 598 858 661 'carmine
870 573 996 678 lengum

149 738 212 801 Vel
226 736 367 795 damnare
379 716 462 780 nefas
471 755 480 787 ,
490 728 530 768 ne
543 701 648 766 mollia
661 694 794 757 sentibus
806 710 892 752 uram
922 677 925 684 ¹

150 833 247 904 Lilia,
262 813 406 906 purpurei
419 827 478 894 neu
489 821 545 883 per
557 792 683 856 violaria
695 784 794 866 campi

151 925 290 990 Cerrinus
299 926 350 990 ,et
360 903 454 990 spinis
468 905 563 978 surgat
574 886 707 971 paliurus
720 878 821 942 acutis.

194 1018 216 1078 J
218 1015 267 1076 um
280 1008 349 1072 satis
360 993 499 1063 humenis
511 983 664 1049 erroribus
677 975 776 1038 addita
788 981 922 1032 munstre

152 1111 303 1179 Risimus,
318 1111 368 1161 aut
380 1092 452 1154 tales
463 1083 564 1168 potius
576 1071 753 1137 ‹lellevimus
764 1077 855 1127 aetus.

152 1209 246 1272 Nunc
254 1190 466 1278 coeptemjuvat
474 1181 518 1239 ire
526 1175 890 1246 riam,montemqneper
899 1154 993 1214 altum

151 1302 292 1364 Nitentes
305 1291 425 1349 firmare
438 1275 559 1361 gradun
573 1274 773 1349 properemus
784 1254 815 1314 iu
830 1250 954 1324 urbem,

154 1385 316 1460 Libertatis
330 1396 438 1460 opem,
453 1346 826 1435 radiensubiregialulris
1016 1357 1018 1362 ·

154 1467 274 1551 Emicat
285 1474 351 1537 aula
361 1465 470 1536 tholis,
483 1457 535 1519 ubi
549 1456 656 1514 dantur
668 1445 756 1526 digne
768 1436 899 1522 petenti,
948 1505 950 1508 Ι

153 1570 313 1662 Quaerenti
323 1583 394 1647 spes
407 1569 487 1620 certa
500 1558 618 1617 manet,
633 1534 825 1612 claustrisque
838 1527 983 1606 remotis,

154 1671 265 1738 Pereia
275 1655 403 1748 pulsanti
418 1655 586 1711 reserentur
596 1633 703 1716 limine
713 1625 808 1691 cordi.

158 1769 221 1832 llic
234 1775 278 1824 est
289 1755 339 1818 ille
352 1748 429 1830 lepis
441 1737 605 1822 reprobus,
618 1747 709 1810 quem
721 1720 831 1785 vertice
843 1697 951 1802 gestat?

156 1856 308 1942 Angulus,
322 1859 410 1924 atque
424 1834 518 1899 oeulis
527 1827 642 1912 praebet
653 1814 795 1882 miracula
809 1811 939 1886 nostris,

157 1951 213 2017 Est
224 1951 289 2011 leve
301 1943 383 2022 eujus
395 1949 486 2003 onus,
501 1926 583 2005 eujus
595 1921 661 2000 juge
672 1913 751 1974 ferre
764 1927 852 1968 suave
864 1917 918 1966 est.

132 2053 134 2060 ⁴
202 2044 261 2107 Per
273 2040 383 2120 digesta
394 2026 478 2110 prius
489 2016 596 2081 veteris
607 2003 751 2072 miracula
764 2001 837 2084 legis
883 2051 885 2060 ,

158 2135 357 2204 Rettulimus,
372 2118 465 2184 saneti
479 2113 639 2190 conjuncto
652 2099 774 2184 spiritus
787 2107 854 2156 actu

159 2235 238 2314 Quae
251 2216 461 2310 geniterpoeia
474 2209 535 2270 nati
548 2205 656 2265 virtute
668 2191 785 2276 peregit
799 2213 807 2250 2

160 2327 222 2394 Per
234 2323 344 2404 digesta
356 2310 438 2372 rudis
451 2319 570 2364 necnon
582 2287 726 2353 miracula
742 2283 829 2366 legis,
884 2305 891 2322 ι

159 2423 325 2486 Dicemus,
341 2402 432 2469 saneti
447 2397 608 2477 conjuncto
621 2381 742 2464 spiritus
757 2389 824 2438 actu

162 2516 242 2594 Quae
255 2520 340 2569 natus
353 2489 534 2574 sociepatris
547 2483 654 2544 virtute
665 2471 790 2557 peregit.
811 2491 817 2500 ·

161 2610 291 2686 Semper
302 2611 334 2660 ut
346 2611 405 2655 una
416 2601 541 2650 maneus
553 2573 669 2637 ‹leitatis
682 2569 780 2629 forma
792 2557 952 2644 perennis,

164 2699 260 2784 Quod
272 2689 415 2772 simplex,
441 2676 588 2760 triplicet,
607 2665 747 2748 quodque
770 2669 814 2720 est
838 2648 1044 2735 triplicabile,

329 2777 458 2860 simplet.
515 2775 525 2786 ‘

163 2959 166 2964 ,
206 2885 285 2948 Haee
298 2891 340 2940 est
351 2891 421 2935 vera
441 2867 533 2937 fides,
557 2859 636 2919 hane
657 2847 769 2934 sprevit
794 2843 906 2906 habere
920 2834 1051 2900 salutem

164 2981 272 3048 Arrius
282 2970 403 3043 inlelix,
415 2962 465 3044 qui
475 2973 565 3021 curve
577 2971 634 3034 per
647 2946 712 3009 aria
725 2953 842 3003 reetum

164 3075 304 3140 Flectere
317 3065 398 3126 nisus
409 3059 481 3132 iter,
494 3052 614 3114 iuream
626 3041 763 3122 delapsus
774 3035 805 3095 in
819 3044 915 3092 atram

169 3166 312 3240 Corruit,
327 3173 356 3223 et
368 3153 437 3219 tetri
450 3165 564 3214 mersus
575 3139 651 3224 petit
664 3136 726 3198 ima
738 3123 881 3214 profundi
896 3145 904 3186 e
