2106 3846
146 315 205 390 264
402 323 435 372 n.
469 297 761 374 rn'osreet
940 307 1032 390 vqs.

146 421 218 481 Nun
230 431 330 478 tamen
343 416 381 476 ad
392 433 494 478 veram
508 425 634 496 possunt
643 414 809 496 perducere
819 413 927 474 vitam.

145 513 285 592 Denique
298 510 336 572 ab
348 509 395 570 bis
406 527 542 591 praeceps
554 507 587 568 in
601 505 708 568 multas
720 507 884 591 religiones

145 606 286 682 Decidit,
300 616 330 666 et
343 603 426 667 lectis
436 603 520 665 baesit
533 602 646 665 lectore
662 602 776 666 relicto.

147 699 176 760 N
179 722 230 762 am
241 701 266 762 si
279 719 359 761 nunc
372 699 463 759 etiarn
475 695 574 760 illaesis
588 696 672 780 rigor
682 695 734 758 ille
747 709 909 772 maneret,

147 795 181 856 lu
194 815 255 875 quu
268 795 371 855 iusuuu
382 805 487 854 nature
497 791 555 851 luit
568 815 575 852 ε
588 811 640 852 sua
653 811 803 872 quemque
816 791 960 854 voluntas

149 886 323 952 Concilinre
337 886 426 963 Deo,
440 906 587 975 poenaque
600 886 755 948 absolvere
768 897 873 970 posset
886 909 894 946 ε

106 987 112 994 “
149 981 360 1064 Neqnicqurtm
376 978 512 1043 Christus
526 992 655 1042 mortem
668 982 831 1044 moriendo
842 983 964 1067 piaret:

123 1064 131 1078 ’
150 1076 309 1142 Peccatum
324 1091 353 1138 et
365 1076 469 1137 mundi
482 1077 598 1158 sanguis
610 1097 673 1139 nun
683 1074 803 1138 tolleret
817 1078 890 1160 agni
908 1103 915 1137 :

149 1171 218 1234 Nec
229 1192 321 1256 genus
333 1167 496 1230 humanum
508 1170 645 1252 generari
660 1190 759 1231 rursus
770 1183 873 1254 egeret

151 1265 337 1348 Conditione
350 1284 444 1340 nura,
458 1263 603 1343 qnoniam
615 1264 761 1346 sapientia
772 1283 862 1340 sana,

152 1359 331 1436 sanantes,
346 1377 452 1420 meum
465 1357 644 1433 arbitrium,
658 1377 744 1420 mens
757 1357 854 1420 libere
869 1361 1003 1430 morbo,

150 1454 256 1516 Vitam
269 1466 390 1537 agerent
401 1453 521 1535 dignam
532 1471 720 1514 summorum
735 1453 931 1534 participatu.

193 1544 254 1606 Sed
267 1559 416 1628 prostrata
427 1545 542 1622 semel,
553 1559 665 1626 qnonto
678 1558 783 1607 natura
794 1545 953 1627 profundo

151 1643 318 1713 lcumena,
333 1654 363 1700 et
375 1652 492 1718 quantae
502 1641 541 1700 sit
552 1639 635 1701 mole
645 1659 789 1721 oppressa
802 1640 927 1700 ruinae?

150 1733 290 1795 Verbum
302 1733 396 1794 bomo
410 1732 461 1810 fit,
475 1751 638 1813 rerumque
647 1745 729 1796 sator
741 1733 796 1794 sub
808 1734 987 1796 conditione

153 1815 278 1890 servilis
290 1826 396 1888 formoe
407 1825 544 1910 dignatur
556 1821 685 1912 Virgine
697 1829 796 1900 nasci,

153 1923 249 2003 inque
262 1921 453 1982 infirmorum
464 1933 587 1983 cunctos
599 1921 780 1983 descendere
793 1939 911 1982 sensus.

154 2015 289 2078 Vexatur
301 2016 413 2083 virtust
428 2013 768 2095 sapientieludilicatnr3

157 2109 281 2171 Justitie
294 2111 421 2192 injustus
432 2105 557 2179 tolerat;
574 2107 734 2170 clementie
743 2127 851 2180 saevos3

83 2273 87 2282 q
154 2203 263 2265 Gloria
274 2214 482 2282 contemptum
495 2201 592 2274 subit,
605 2213 635 2262 et
645 2213 795 2263 tormenta
808 2213 963 2282 potestas:

153 2295 249 2376 luque
261 2296 358 2358 crucis
371 2315 491 2376 poenam
504 2293 580 2356 nulli
592 2293 742 2356 violabilis
755 2313 882 2376 usquam

152 2387 226 2450 Vita
236 2388 332 2469 agitur
345 2411 352 2446 ι
365 2391 447 2466 cujus
458 2385 626 2465 perimatur
637 2399 737 2447 morte
747 2377 935 2466 peremptor
946 2429 955 2456 ‚

152 2482 240 2544 Justo
253 2495 284 2544 ut
297 2498 355 2560 pro
367 2477 483 2560 injustis
495 2479 591 2540 effuso
603 2478 763 2562 sanguiue,
777 2477 818 2538 sit
831 2495 919 2539 murs

151 2575 254 2639 'Unius
266 2566 393 2637 insontis
405 2571 571 2633 multorum
584 2573 644 2636 vite
657 2591 792 2633 reorum.
1051 2565 1052 2608 l

195 2669 267 2734 Huc
280 2670 369 2756 igitu‘r
382 2665 482 2751 pretio
494 2667 605 2747 captivi
618 2687 689 2730 cunt
701 2665 910 2738 redimuntur,

152 2765 324 2850 Agnoscent
337 2763 417 2846 quali
431 2759 564 2825 conclusi
578 2779 719 2836 carcere,
735 2778 833 2839 quove

154 2859 280 2923 Obsessi
294 2860 407 2922 luerint
417 2857 528 2945 morbo
541 2857 668 2936 :quibus
681 2854 847 2936 eripiendis

157 2951 298 3026 Succurri
309 2954 388 3014 baud
399 2953 486 3015 aliter
497 2951 596 3033 potnit
609 2967 700 3031 quam
714 2959 812 3009 morte
825 2946 983 3007 medentis.

131 3039 133 3044 ’
159 3050 198 3112 Et
210 3050 280 3130 quia
292 3050 329 3109 de
344 3047 458 3132 magnis
471 3046 581 3129 opibus
593 3043 738 3106 nonnulla
751 3054 912 3122 supersunt
925 3086 933 3110 ,

160 3145 237 3222 Quae
251 3145 394 3206 decorent
407 3142 521 3214 nudos,
535 3152 564 3200 et
577 3159 643 3220 quse
655 3137 789 3199 solentur
801 3153 912 3217 egenos
927 3159 934 3193 ε
1050 3209 1051 3224 ¹
