2126 3848
224 335 658 396 Εειεειιιιειεεε.
820 323 880 386 285

35 438 78 499 Ut
91 435 202 518 quibus
215 433 360 496 exsultant
373 433 566 509 criminibus,
580 446 721 515 pereant,

11 532 112 596 Crescit
125 531 210 592 enim
223 528 340 590 occulte
351 549 422 590 cum
435 527 525 611 longo
538 548 626 609 poeua
637 540 736 602 reatu,

36 625 166 688 Ansihns
176 623 290 686 illicitis
302 623 327 683 si
340 621 415 682 nihil
428 621 585 683 obstiterit.

11 717 36 779 Et
48 719 160 802 magis,
175 716 286 778 erranti
300 737 339 776 ne
353 728 476 798 parcant
488 714 596 799 llagra,
610 713 785 775 timendum
798 727 859 792 est,

38 811 166 893 Quam,
180 831 220 871 ne
232 829 296 872 non
309 810 376 884 fiat,
392 810 473 888 quod
486 809 613 869 voluisse
625 820 723 870 nocet.
782 829 784 841 ·

418 900 475 962 Ll.
743 957 747 968 ,

11 997 120 1060 Omnia
133 998 208 1058 vitia
222 997 255 1055 in
267 995 430 1058 malefactis
443 999 652 1058 tantummodo
663 996 780 1075 valent,
796 996 861 1058 sola

43 1089 199 1174 Superbia
212 1090 303 1151 etiam
315 1080 347 1148 in
361 1103 440 1151 recte
453 1088 537 1152 lactis
551 1093 681 1153 cavenda
695 1104 749 1151 est.

13 1182 106 1246 Omne
119 1204 215 1270 genus
228 1183 292 1245 vitii
306 1185 561 1264 propriutantum
575 1183 653 1245 valet
664 1196 748 1258 actu,
848 1257 851 1262 Ι
901 1251 905 1258 ,

47 1277 86 1338 Et
98 1290 222 1361 peccata
233 1296 316 1337 suam
333 1297 455 1355 quaeque
465 1289 571 1358 gerunt
585 1275 728 1356 speciem.

12 1369 82 1433 Sola
93 1387 137 1434 est
152 1371 319 1432 innumeris
331 1383 445 1430 armata
458 1369 598 1450 superbia
612 1369 696 1446 telis,

47 1465 108 1529 Cui
121 1477 249 1548 possunt
265 1465 342 1526 vires
356 1478 385 1525 et
397 1465 476 1524 bene
488 1477 569 1547 gesta
582 1465 662 1526 dare.

420 1556 498 1618 Lll.
545 1559 548 1568 '
580 1581 582 1586 ’

11 1651 42 1714 ln
55 1654 150 1717 relius
162 1651 269 1714 mundi
281 1671 344 1712 non
356 1663 399 1712 est
412 1651 494 1710 idem
507 1653 648 1714 omnibus
659 1675 746 1731 usus,

48 1747 119 1808 Nec
133 1744 234 1807 cuncti
247 1745 370 1824 paribus
383 1756 487 1805 cuncta
501 1745 600 1808 ferunt
613 1747 732 1814 animis.

13 1837 154 1920 Namque
166 1839 265 1900 bonos
278 1857 340 1900 non
354 1836 463 1898 blanda
476 1836 598 1916 inllant,
619 1861 681 1900 non
702 1859 807 1926 aspera
820 1839 901 1899 lran-

179 1944 271 2015 gunt,
657 1937 661 1948 ’

55 2025 115 2087 Sed
128 2025 202 2085 fidei
213 2024 330 2086 invictae
342 2023 450 2106 gaudia
463 2045 533 2087 vera
545 2021 671 2107 juvant(
859 2090 863 2098 ,

16 2117 246 2194 Terraeautem,
260 2130 289 2178 et
302 2117 364 2179 leui
375 2117 507 2180 breviter
522 2117 656 2178 florentis
667 2132 784 2180 amator
833 2199 835 2204 Ι
900 2159 906 2170 1

57 2212 119 2275 Seu
130 2225 214 2276 earet
227 2211 351 2295 optatis,
365 2232 418 2273 seu
432 2213 558 2289 fruitur,
574 2212 666 2274 miser
680 2226 733 2276 est.

114 2359 119 2365 .
406 2303 514 2366 Llll.

20 2395 138 2460 Cuncta
150 2397 240 2459 bonis
252 2412 396 2478 prosunt,
412 2421 486 2479 quos
499 2412 528 2466 et
541 2420 623 2462 mors
634 2400 699 2482 ipsa
711 2401 815 2464 beatus
848 2465 851 2470 ,

62 2487 181 2567 Efficit,
195 2505 228 2552 nt
239 2506 356 2552 sumant
370 2494 494 2575 praemia
508 2495 702 2576 principium.

19 2583 77 2646 llle
89 2586 176 2668 igitur
188 2585 259 2646 finis
269 2585 365 2646 malus
379 2599 439 2660 est,
454 2609 544 2665 quem
556 2610 643 2671 poena
655 2602 814 2669 sequetur,

58 2677 102 2738 Et
115 2681 167 2759 qui
179 2680 319 2761 perpetui
330 2696 419 2761 porta
430 2681 543 2744 doloris
555 2685 622 2745 erit.

16 2771 96 2832 Non
110 2793 171 2852 qno
184 2787 374 2834 assumuntur
387 2773 545 2860 lacrymae,
561 2775 717 2854 cunctique
731 2774 867 2850 labores,
966 2853 971 2858 1
985 2827 988 2834 .

59 2865 110 2926 Ut
121 2867 232 2928 veteris
245 2881 371 2948 pereant
384 2870 487 2932 omnia
500 2869 582 2954 signa
595 2868 677 2932 mali.
849 2865 857 2876 ¹

422 2961 522 3024 LlV.

17 3054 117 3118 Mem
128 3053 221 3117 illaesa
233 3055 310 3117 nihil
322 3056 434 3119 violato
448 3077 578 3140 corpore
588 3057 702 3139 perdit,

70 3145 108 3209 st
120 3147 214 3243 vitam
227 3150 325 3213 carnis
337 3151 460 3216 vulnera
473 3171 536 3214 non
550 3151 709 3215 maculant.

756 3241 793 3302 25
