2172 3862
178 401 239 478 tut
404 411 730 469 nnnconw
977 403 1065 464 me.

178 505 248 568 Hoc
261 519 311 566 tua
322 505 414 566 verba
427 504 556 586 probant
569 503 677 565 Mosco
689 504 766 564 dicta
778 503 957 586 prophetae,
1082 527 1083 532 ¹

221 597 314 679 Quod
326 599 482 659 duraturus
493 618 546 659 cor
561 596 725 658 Pharaonis
737 616 811 658 eras.

179 690 232 756 Sic
239 713 306 753 mea
319 693 410 754 eorda
424 690 525 763 Deus,
540 703 644 758 nostro
658 704 800 780 peccante
813 704 898 759 reatu

219 784 383 866 Temporis
396 785 572 860 immodici,
587 783 674 865 pellit
686 787 722 845 ad
736 783 849 851 illicita.

182 877 224 940 Ut
238 879 288 958 qui
300 877 378 941 laeta
393 881 502 940 dueum
516 899 636 960 possem
648 887 770 939 narrare
784 897 947 954 meorum,

220 971 364 1031 Nominis
378 972 521 1054 asdingui
534 972 613 1033 bena
626 962 908 1054 triumphigeris.

110 1089 114 1100 ·
178 1063 270 1126 Unde
282 1064 357 1130 nmi
371 1083 485 1129 merces
499 1078 599 1144 posset
612 1085 680 1136 oum
693 1065 779 1133 laudo
789 1065 892 1132 salutis

220 1155 350 1218 Munere
363 1157 512 1238 regnantis
526 1177 631 1240 magna
644 1159 746 1219 venire
759 1158 864 1233 simul,

180 1249 309 1312 Praemia
321 1250 524 1331 despicerem,
538 1250 634 1310 tacitis
647 1264 691 1310 tot
704 1252 820 1334 regibus
833 1250 944 1328 almis,
1082 1319 1083 1328 χ

219 1343 261 1408 Et
273 1357 408 1426 peterem
422 1343 519 1406 subito
532 1357 612 1407 certa
623 1343 735 1424 pericla
749 1345 850 1410 miser.
926 1358 930 1362 ·
1052 1393 1083 1412 ,,

180 1434 279 1516 Quis,
294 1436 352 1496 nisi
363 1434 474 1498 coelesti
487 1436 610 1496 demens
624 1436 794 1517 compulsus
807 1439 845 1497 ab
859 1438 923 1513 ira,

221 1532 337 1611 Aspera
350 1542 454 1592 cuncta
466 1540 561 1606 petat,
577 1549 722 1610 prospera
733 1544 837 1592 cuncta
847 1533 959 1615 neget?

179 1621 328 1684 irascente
342 1623 431 1698 Deo,
445 1633 559 1681 memes
573 1627 741 1698 mutantur,
755 1636 783 1683 et
797 1637 893 1700 artus,

220 1715 387 1776 Vertuntur
398 1733 519 1790 sensus,
533 1711 658 1775 venitur
667 1729 695 1776 et
705 1718 833 1797 species.

178 1807 340 1872 Persarum
353 1829 455 1894 rogem
465 1807 635 1892 Babylona
647 1830 736 1893 regua
746 1823 901 1873 tenentem

222 1902 294 1965 Post
306 1905 396 1966 decus
406 1895 526 1986 imperii
539 1902 607 1992 quis
617 1916 703 1986 neget
714 1925 776 1966 esse
788 1906 924 1968 bovem?

126 2027 128 2030 ·
179 1999 221 2059 Et
234 2000 433 2062 diademalem
445 2011 602 2080 turparunt
615 2017 727 2060 cornua
737 2000 889 2080 frontem,

220 2093 352 2178 lllugitus
365 2095 487 2175 pecudis
500 2095 590 2156 verba
603 2092 686 2154 fuere
699 2094 777 2158 duci.

122 2233 125 2244 .
180 2187 352 2270 Agricolam
364 2189 461 2248 timuit
473 2201 541 2271 post
552 2188 686 2278 parthica
697 2209 785 2273 regua
795 2187 984 2268 bubulcum,

197 2321 200 2327 ,
226 2278 429 2361 submisitque
441 2302 552 2364 pavens
567 2285 646 2368 regia
657 2283 733 2348 colla
744 2285 823 2368 jugo.

180 2371 300 2435 Erravit
310 2395 366 2455 per
380 2389 464 2455 prata
477 2395 581 2458 vagus,
595 2377 674 2438 mala
684 2379 819 2462 gramina
831 2391 954 2458 pastus,

220 2465 262 2526 Et
274 2468 324 2546 qui
338 2468 431 2528 homo
443 2469 499 2530 bos
510 2469 625 2547 luerat,
637 2471 675 2532 de
687 2472 763 2532 bove
773 2471 869 2532 factus
880 2472 982 2534 bomo
995 2485 1047 2536 est.

180 2559 282 2639 Liquit
294 2573 323 2619 et
334 2561 454 2620 antistes
467 2567 554 2624 verus
566 2576 652 2644 pater
662 2563 713 2624 ille
726 2561 871 2636 doaonls,

222 2651 416 2736 Elinguisque
429 2655 485 2715 luit
498 2677 571 2719 voce
585 2652 702 2736 tacente
712 2655 810 2717 silens.
855 2665 859 2672 '

182 2748 236 2807 Ast
249 2767 303 2830 ego
315 2748 467 2829 peccando
479 2750 542 2832 regi
553 2749 769 2829 Dominoque,
785 2745 916 2828 Deoque
929 2793 939 2826 ,

222 2839 314 2921 Pejor
326 2861 392 2901 snm
402 2840 512 2916 factus,
526 2843 715 2921 deteriorque
729 2862 810 2903 cane.

181 2932 315 2994 Vulnera
327 2935 420 2995 vexati
434 2947 516 2995 curat
526 2953 577 2994 sua
588 2931 688 3016 lingua
700 2931 842 3009 molossi,

223 3021 307 3085 lieu!
323 3048 390 3089 mea
403 3029 515 3110 quippe
530 3026 604 3086 milri
617 3026 737 3086 vulnera
751 3026 849 3111 lingua
860 3027 953 3090 dedit.

182 3113 242 3174 Sed
254 3117 305 3191 qui
319 3119 444 3178 restituit
453 3121 576 3200 pecudis
589 3133 657 3198 post
668 3121 805 3182 membra
816 3122 956 3204 tyranni,

224 3203 269 3262 Ut
280 3206 363 3264 fieret
377 3211 495 3272 rediens
508 3210 615 3292 ungula
626 3209 693 3272 fissa
705 3233 830 3288 manus,
