2198 3844
39 337 176 424 νᾶφε..
233 345 696 402 onunuurnsontnn.
887 331 928 418 73

43 444 103 508 Cui
116 443 271 526 Didymus
282 459 450 524 cognomen
464 453 544 517 erat,
560 431 628 503 eum
641 441 781 502 fratribus
793 460 852 504 una

42 538 117 599 Nou
129 537 244 612 fuerat,
258 535 439 614 dubiamque
451 534 541 595 fidem
552 536 607 595 sub
619 537 708 598 eorde
721 535 850 617 gerebat.
948 549 951 558 “

44 631 155 693 Donec
169 649 287 704 rursus,
301 649 337 688 eo
351 628 464 709 pariter
472 629 638 702 residente,
652 628 784 702 veniret,

48 723 111 804 Qui
122 743 279 802 uunquam
290 723 453 784 subtractos
467 733 538 783 erat.
553 719 752 782 Tunclimiue
766 720 865 783 clauso
939 745 941 752 ‘

52 816 191 880 Constitit
205 817 238 876 in
248 815 370 890 medio,
384 834 446 875 uon
459 815 630 898 dedignatus
642 815 791 900 apertum:

50 909 207 992 Discipulo
222 921 390 970 monstrare
401 907 491 984 latus,
505 921 641 988 tactuque
655 910 779 989 probari

51 1001 190 1066 Vulneris
200 1046 210 1079 ,
222 1015 256 1063 et
263 1014 400 1063 mentem
414 1002 560 1082 patienter
573 1003 651 1063 ferre
665 1002 800 1064 labantis.
930 1078 933 1086 k

47 1096 173 1179 Agnitus
183 1095 383 1176 hiue'potius,
400 1097 480 1173 quud
492 1096 530 1155 sit
543 1095 703 1156 dubitantis
714 1090 839 1157 amicus.
914 1099 918 1108 '

50 1189 195 1268 Quisquis
206 1189 288 1248 enim
302 1188 428 1249 artifices
440 1208 517 1249 oseca
530 1188 585 1248 sub
598 1189 726 1270 imagine
740 1188 858 1250 fraudes

50 1279 189 1355 Instruit,
204 1294 236 1342 et
247 1301 337 1342 vanas
349 1281 431 1362 cupit
444 1300 581 1341 exercere
595 1281 715 1362 liguros,

50 1374 123 1436 Non
137 1373 201 1438 vult
212 1375 330 1457 agnosci
341 1417 350 1448 ,
363 1395 425 1433 non
437 1373 518 1449 vult,
532 1393 584 1434 sna
594 1373 670 1434 saeta
684 1373 815 1454 requiri,

52 1469 96 1528 Ut
109 1469 220 1529 lateant
230 1467 285 1528 sul)
298 1467 378 1528 nube
388 1467 469 1542 doli,
483 1467 650 1548 nebulaque
662 1467 816 1530 recludens

54 1559 188 1637 Omnia,
202 1560 346 1622 sollicitos
359 1560 423 1620 odit
433 1559 590 1621 simulator
600 1560 722 1625 amieos.
826 1619 827 1624 ,

93 1653 216 1716 Gnarus
227 1655 300 1714 item
313 1654 482 1730 Dominus,
496 1651 587 1714 Pe'tro
601 1655 734 1734 piscante
747 1675 804 1735 per
810 1671 914 1736 mquot'

55 1745 136 1810 Cum
148 1748 256 1821 sociis,
272 1759 392 1827 captum
401 1767 463 1807 esse
473 1747 570 1822 nihil,
584 1747 805 1834 dimitterelina

53 1839 88 1900 ln
103 1843 218 1900 dextras
230 1840 362 1900 hortatur
373 1859 482 1918 aquas3
498 1860 567 1899 mox
578 1841 691 1923 gurgite
704 1840 804 1904 clauso

54 1932 190 1994 Pendula
204 1932 385 2015 fluctivagam
397 1944 547 1992 traxerunt
560 1933 634 1993 retia
646 1935 795 2014 praedam,

54 2025 115 2088 Per
126 2027 263 2110 typicam
273 2027 421 2086 noscenda
429 2026 508 2085 viam
522 2049 528 2084 ε
542 2045 614 2086 nam
627 2027 701 2087 retia
712 2026 808 2108 dignis

57 2119 172 2183 Lucida
182 2134 250 2181 suut
263 2132 410 2201 praecepta
425 2119 505 2193 Dei,
520 2119 628 2196 quibus
638 2118 737 2178 omnis
750 2119 780 2176 in
795 2117 846 2190 illa

57 2211 172 2275 Dextra
183 2227 269 2296 parte
282 2231 404 2272 manens
413 2210 617 2287 concluditur,
632 2231 667 2272 ac
675 2210 763 2271 simul
775 2208 855 2272 ulnis

58 2306 170 2368 Pertur
181 2305 352 2387 apostolicis
364 2303 493 2364 Domini
506 2304 675 2386 adavestigia
688 2301 809 2366 Christi.
887 2334 891 2342 ·
980 2370 984 2384 ,

98 2402 169 2462 Nec
181 2403 290 2484 piscis,
305 2418 465 2479 prunasque
477 2401 596 2474 v'aeant,
612 2397 758 2482 et'pauis,
773 2399 804 2458 in
818 2413 880 2458 uno
982 2457 985 2464 ,
1032 2417 1034 2426 “

60 2493 227 2574 Discipulis
240 2494 358 2552 iuventa
369 2493 453 2562 loco;
468 2491 609 2570 quisnam
622 2491 772 2574 ambigat,
787 2509 879 2552 uuam

64 2585 119 2648 llis
132 2588 224 2647 rebus
237 2597 372 2650 constare
384 2585 497 2646 fidem?
511 2585 624 2665 quippe
636 2598 679 2664 est
691 2605 766 2664 aqua
778 2585 885 2666 piscis,

66 2676 199 2740 Christus
212 2679 292 2738 adest
305 2678 409 2757 panis,
424 2689 598 2756 sanctusque
615 2677 744 2758 Spiritus
753 2678 838 2760 ig'uis.
930 2677 935 2720 Γ

64 2773 141 2834 llius
152 2772 267 2833 etenim
276 2769 444 2844 abluimur,
460 2770 517 2832 hoo
524 2771 689 2851 pascimur,
702 2771 772 2832 iude
781 2775 943 2834 sacrantur.

64 2866 147 2928 Tunc
162 2865 259 2946 epulis
271 2877 504 2945 praeceptoreqs
516 2865 620 2924 invitat
633 2864 756 2924 edendis
769 2907 778 2940 ,
858 2865 871 2920 ,'

65 2959 214 3038 Alloquiis
226 2959 264 3018 de
276 2977 362 3017 more
377 2957 453 3037 piis,
468 2948 662 3036 mensamque
674 2969 809 3037 petentes

65 3051 235 3112 Unanimes
247 3063 320 3111 uota
334 3050 467 3118 Domini¹
475 3051 609 3110 bonitate
622 3050 759 3112 lruuutur
768 3094 798 3136 t·

67 3143 105 3205 Et
119 3144 277 3207 Christum
289 3164 407 3205 sensere
415 3165 518 3221 suum,
534 3145 713 3225 modicoque
726 3158 834 3226 paratu
875 3205 880 3211 ,

68 3235 233 3320 Postquam
244 3238 443 3318 sictaiemes,
458 3251 488 3301 et
499 3257 651 3302 surrexere
665 3239 777 3305 relictis
