2106 3846
1 277 99 360 =.47.
270 281 485 334 creuere.
518 283 609 334 nie.
638 284 660 334 1.
846 269 905 330 233

18 379 193 441 onficiens
206 376 288 436 diros
300 375 405 458 jaculis
418 375 586 438 ooelestibus
597 377 716 453 hostes,

12 476 122 536 sdem
144 491 278 550 namque
288 469 379 532 simul
391 471 519 532 decretis
533 468 664 552 Spiritus
677 492 753 533 unus
831 481 832 484 ’

0 598 13 624 η
25 568 157 630 tonuit.
173 563 296 626 Pestem
306 564 486 626 subeuntem
498 565 602 646 prima
615 567 725 628 recidit

7 664 96 723 edes
111 659 221 720 Roma
236 655 336 735 Petri,
349 681 414 738 quae
426 657 589 720 Pastoralis
600 661 726 721 honoris

15 765 208 835 acta,caput
222 752 352 830 mundo,
368 753 514 833 quidquid
526 773 590 814 non
603 753 735 835 possidet
747 755 855 828 minis,
954 745 957 760 '

24 849 176 932 eligione
188 859 280 908 tenet.
296 845 371 906 Non
382 847 502 930 segnior
513 847 584 910 inde
599 843 738 910 Orientis
821 877 823 885 ,

3 949 10 967 ¹
29 956 183 1004 ectorum
199 960 271 1002 cura
283 940 408 1002 emicuit
420 965 428 1000 :
440 955 620 1023 ceptumque
632 943 755 1004 nefandi

7 1042 19 1090 Ι
33 1037 176 1120 ogmatis
184 1048 341 1097 auctorem
351 1036 526 1097 constrinxit
533 1036 598 1119 lege
605 1037 740 1119 'benigne

34 1142 241 1191 ommentnm
255 1129 399 1188 damnare
411 1147 498 1189 snum
514 1130 594 1204 ,nisi
608 1149 737 1210 corpore
753 1126 865 1188 Cblisti
891 1171 895 1188 ,

10 1246 14 1254 ·
34 1224 147 1306 bjnogi
158 1235 215 1314 ‚et
228 1233 330 1282 sarecto
342 1221 445 1282 mallet
465 1242 554 1305 grege
567 1221 731 1284 dissociari.
831 1294 834 1298 ¹

36 1339 94 1378 ne
110 1317 240 1397 quidem
253 1315 324 1391 hoe,
337 1315 528 1394 nimiumque
535 1313 633 1376 malos
640 1313 781 1376 tolerasse
792 1314 909 1376 ridetur

23 1411 190 1474 odicium:
204 1409 256 1470 sed
267 1422 367 1471 saneta
376 1409 451 1470 fides
461 1408 597 1480 examine
607 1409 642 1469 in
655 1408 708 1476 illo

17 1505 90 1568 'icit
106 1505 294 1566 oborturam
305 1503 694 1584 dirodesemineprohm.
730 1579 732 1586 y

1 1597 221 1682 Prospectum
234 1616 365 1676 namque
377 1609 440 1672 eet,
456 1597 558 1658 divino
571 1611 601 1658 et
617 1609 891 1671 munerationum,

1 1690 50 1751 Ut
64 1693 145 1754 licet
156 1691 322 1752 instantem
330 1689 488 1754 declinans
498 1690 593 1750 bestie
605 1710 746 1771 ponent,

4 1783 155 1846 Perfidiae
166 1803 273 1844 secum
284 1803 387 1844 sensus
397 1781 540 1843 tenuisset
552 1785 688 1859 eosdem,

2 1877 78 1960 lpsa
91 1893 205 1940 tamen
216 1877 376 1959 proprium
389 1895 515 1960 germen
527 1878 700 1938 damnando
714 1887 854 1948 necaret,

11 1969 82 2032 Ore
93 1971 216 2032 malam
231 1970 418 2052 exstinguent
432 1970 572 2033 sobolem
586 1991 676 2050 quem
688 1969 816 2052 protulit
827 1988 895 2036 ore«

52 2063 148 2126 Tune
160 2063 256 2124 etiam
269 2061 390 2124 Betblei
401 2062 539 2145 praeclari
550 2063 684 2124 nominis
695 2063 824 2142 hospes,

8 2156 150 2219 Hebraeo
164 2155 300 2217 simulet
313 2155 431 2231 Graio,
445 2155 594 2234 Latioque
606 2167 746 2217 renmtus

8 2251 150 2330 Eloquio
162 2292 172 2325 ,
186 2269 308 2309 morum
321 2249 493 2329 exemplar,
507 2249 673 2328 mundique
686 2247 826 2331 magister
916 2241 921 2252 ”

12 2343 250 2426 Hieronymus,
264 2341 352 2402 libris
365 2341 451 2402 valde
465 2341 679 2404 excellentibus
690 2342 809 2404 bostem

11 2435 192 2512 Diremit,
205 2436 349 2515 noscique
363 2436 445 2496 dedit
457 2437 649 2515 quotnrbine
661 2456 764 2498 veram

12 2528 141 2592 Vellent
151 2529 368 2592 exortaelneem
382 2529 542 2590 obscurare
551 2530 693 2591 tenebre.

57 2625 147 2704 Quid
161 2623 287 2703 loquar,
310 2633 340 2683 et
350 2642 455 2684 curam
467 2641 575 2706 magna
586 2643 676 2704 quam
690 2623 779 2707 gessit
790 2621 908 2682 iuurbe

16 2715 290 2798 Constantinopoli
310 2717 401 2778 docto
411 2716 513 2778 bonus
524 2737 579 2778 ore
588 2714 738 2777 Sacerdos

15 2813 136 2878 Atticus
148 2857 158 2888 ,
169 2811 291 2892 antiqua
302 2811 414 2895 legatos
429 2809 653 2873 llaereticorum

16 2906 218 2971 Coniurando
232 2905 291 2967 fide
304 2907 341 2967 de
355 2925 414 2987 qua
426 2918 498 2968 tunc
511 2903 606 2984 impia
618 2904 709 2964 corda

18 3003 173 3084 Quamvis
184 3023 216 3065 se
229 3003 360 3066 obducta
369 3009 502 3086 tegerent
514 2998 663 3062 velamine
677 2998 777 3060 forme

18 3097 135 3176 ludicii
148 3111 180 3159 et
189 3097 286 3160 taeitae
298 3096 428 3160 tulerunt
441 3106 592 3159 tormenta
604 3093 754 3178 repulsae?
