2126 3848
281 284 708 344 EPIGRAMMATA.
848 301 908 362 ²79

299 395 301 400 ·
408 377 521 440 XXX.

6 468 172 532 Doctrinae
186 465 320 530 Domini
332 472 503 552 penetralia
517 486 655 556 tempore
669 473 699 533 in
714 473 770 536 isto
863 475 866 480 ’
891 494 894 502 ’

42 565 96 624 Ao
110 561 249 644 plenum
261 561 333 621 nolli
348 566 451 645 pervia
465 579 533 626 sunt
546 567 674 626 homini.

6 655 144 738 Semper
157 655 246 715 enim
258 655 365 717 sanctis
377 671 530 739 superest,
545 681 606 737 quo
620 680 759 722 erescere
772 660 904 741 possint,

42 749 88 808 Et
100 747 315 829 perfectorum
327 748 422 830 gloria
432 751 619 832 principium
633 765 686 812 est.

6 841 169 907 Virtutem
183 839 278 900 virtus
290 842 405 920 pariet3
421 843 584 904 delumine
597 843 701 905 lumen

46 933 191 994 Prodest
201 976 210 1008 ,
222 944 310 1011 atque
323 935 423 995 omnis
435 935 535 1016 palma
546 925 671 1019 gradum
685 937 782 1000 faeiat.
812 957 815 966 ¹

6 1025 92 1087 Nam
103 1046 163 1088 cor
177 1044 242 1084 non
257 1026 364 1106 cupide
378 1047 463 1088 mens
476 1035 606 1107 qu'aerat,
617 1050 683 1107 quae
697 1029 781 1092 Deus
797 1030 903 1104 ossen,

49 1118 115 1179 Cui
129 1118 248 1192 danda,
263 1131 294 1178 ut
307 1132 387 1181 recte
401 1135 559 1201 posceret,
571 1123 636 1204 ipse
649 1122 746 1188 dedit„

390 1210 531 1272 XXXI.

9 1301 173 1364 Omnibus
187 1301 219 1362 in
232 1302 320 1362 rebus
332 1304 487 1386 geminum
499 1319 543 1366 est
557 1326 635 1387 opus
650 1307 875 1389 omnipotentis.

47 1395 172 1455 Totum
186 1395 297 1475 justitia
308 1409 368 1472 est,
381 1399 462 1476 qood
475 1400 571 1480 gerit,
584 1414 634 1460 aot
646 1401 761 1482 pietas,

10 1489 93 1571 Quae
105 1487 201 1550 simul
213 1489 244 1549 in
258 1490 344 1550 terris
355 1491 537 1552 deseendont
550 1492 624 1556 locis
635 1495 672 1554 ab
686 1513 774 1568 arce,

49 1583 106 1644 Ne
122 1583 264 1660 cuiquam
278 1583 355 1663 parti
372 1584 447 1643 desit
460 1597 527 1644 utro
533 1607 622 1662 mque
635 1585 759 1646 bonum.

10 1675 48 1738 Et
62 1675 216 1756 quonism
232 1675 329 1736 cuncti
344 1674 454 1735 auxilio
467 1675 636 1738 miserantis
650 1698 785 1760 egemus,

50 1767 207 1829 Praecedit
220 1787 340 1847 semper
350 1768 445 1851 gratis
455 1769 607 1848 justitiam.

12 1859 224 1922 Damnantem
239 1859 349 1937 eletos,
364 1858 528 1920 salvantem
540 1861 732 1941 justificatos,

52 1953 146 2033 Quos
160 1951 245 2013 Deus
258 1964 286 2014 et
301 1953 388 2013 donis
399 1954 530 2028 auxerit,
545 1967 575 2015 et
587 1956 712 2016 meritis.

384 2043 485 2106 XXX
496 2045 545 2105 Il.

15 2136 159 2199 Motibus
171 2137 204 2196 in
216 2137 325 2198 sanetis
338 2137 463 2217 pulchra
475 2138 693 2198 est‘eoneordie
704 2139 804 2220 pacis;

55 2229 139 2291 Com
155 2229 257 2290 multis
271 2248 365 2289 unum
380 2229 539 2304 convenit,
553 2241 641 2308 atque
655 2231 762 2313 placet.
862 2303 865 2308 ¹

15 2321 80 2384 Sed
91 2335 194 2382 tamen
203 2322 267 2382 baee
284 2320 450 2382 cohibenda
465 2324 557 2384 modo
570 2337 637 2384 sunt
650 2323 762 2386 foedera
775 2325 905 2402 amoris,

59 2409 108 2475 Ut
117 2414 188 2476 sotis
198 2433 254 2495 pax
266 2413 328 2475 haec
339 2414 377 2473 sit
387 2416 546 2476 tribuenda
558 2417 656 2478 bonis.

17 2507 138 2589 injustis
149 2507 241 2567 etiam
254 2520 407 2587 praestetur
417 2510 492 2589 juste
505 2509 659 2586 voluntas,
690 2551 691 2556 κ
817 2579 825 2586 ,

59 2599 91 2659 N
93 2621 129 2662 ee
142 2619 324 2682 quemquem
337 2613 480 2682 spernant
493 2613 561 2677 vota
571 2602 700 2685 benigne
712 2604 888 2678 hominem,

17 2692 93 2760 Non
107 2707 139 2753 ut
154 2692 293 2756 amicitiae
306 2694 385 2756 vitiis
397 2695 549 2757 socientur
561 2696 692 2774 iniquis,
863 2689 867 2700 '

56 2786 166 2862 Adsit,
178 2788 229 2846 sed
240 2787 340 2867 pravis
352 2799 384 2846 ut
397 2788 546 2848 medicina
560 2786 689 2860 animis,

19 2877 99 2959 Quae
111 2879 136 2939 si
147 2899 223 2960 pace
235 2899 287 2940 sus
300 2899 363 2941 non
375 2880 458 2940 sedat
470 2878 590 2938 turbida
602 2878 712 2956 eorda,

58 2971 90 3033 N
94 2992 135 3033 on
148 2973 237 3036 nobis
249 2973 342 3056 possit
354 2985 454 3035 nostra
467 2971 568 3052 perire
582 2971 675 3050 quies.
