2126 3848
11 332 123 396 .ι66.
247 347 694 413 ursron1AEL1B.rr.
854 350 914 435 359

10 462 31 500 n
46 441 165 502 verbo
177 440 242 522 jam
253 452 330 501 stare
342 438 422 517 Dei,
436 440 480 504 sic
491 441 599 506 clurim
612 446 697 531 infit,

10 533 102 618 'muge
114 534 222 610 citus,
238 530 394 614 rectusque
406 537 464 598 tuis
476 531 636 621 imponere
650 545 768 628 plantis.

10 629 203 708 insequitur
213 641 362 710 praecepta
371 631 467 708 salus,
479 645 509 704 et
521 634 595 698 calle
607 639 727 702 novello

10 721 220 805 irogreditur
231 741 360 810 persona
370 735 624 810 vetus,ruotuque
636 733 785 816 frequenti
893 749 894 752 ’

10 813 113 878 ?ulsat
128 816 252 896 ubique
263 815 380 894 solum,
394 841 509 901 perque
523 826 627 887 omniu
637 848 758 892 currere
769 845 885 897 tentans
901 843 917 911 ‚'

10 909 94 992 iaepe
103 911 208 972 timet
219 912 300 992 quoti
310 913 404 975 nescit
415 915 489 989 iter;
504 920 597 980 morlo
609 924 756 1004 gressibus
769 939 853 989 ortus
906 923 909 932 '

10 1005 144 1067 innoso
158 1003 307 1088 languore
320 1025 426 1085 senex,
440 1013 522 1088 quod
531 1025 564 1074 ut
573 1017 691 1098 agmina
702 1036 848 1083 cernunt:

10 1096 220 1174 Exclamant,
235 1098 397 1180 divumque
407 1117 533 1178 vocante
544 1125 666 1173 aeserta
679 1117 850 1178 ministrant
862 1163 871 1193 ‚
932 1169 935 1174 .

10 1190 48 1251 Ut
59 1191 239 1255 mactanda
251 1191 308 1254 feri
319 1195 587 1274 proceditvictima
600 1206 686 1265 tauri.

10 1283 126 1350 Paulus
140 1287 184 1348 ad
196 1284 275 1362 baec,
288 1287 421 1350 tunicam
434 1291 549 1374 rumpit
561 1293 700 1374 festinus,
715 1314 820 1381 aperta

10 1377 58 1442 Sic
69 1379 254 1462 prohibens
265 1380 382 1443 ratione
393 1383 475 1445 viros
488 1429 497 1460 ‚
510 1385 657 1452 solemnia
669 1393 759 1456 uobis

10 1472 73 1536 Cur
86 1493 213 1557 precor
223 1473 279 1535 isra
291 1475 366 1538 datis
376 1477 390 1538 ἓ
402 1477 500 1562 fragili
510 1502 586 1561 quos
594 1503 724 1567 corpore
737 1477 854 1553 constat
950 1555 951 1560 ,

10 1565 157 1632 Terrena
173 1566 308 1652 sublege
322 1571 441 1651 premi,'
453 1572 509 1646 fuit
519 1575 632 1658 impius
644 1578 720 1642 oiim

12 1659 205 1748 Reiiigionis
214 1661 330 1740 honor,
345 1685 415 1727 curu
428 1668 553 1728 numina
564 1670 644 1733 fusca
656 1676 804 1754 metallis,
872 1695 874 1698 ·

10 1754 159 1820 Aro'fices
175 1754 304 1816 timuere
318 1757 384 1831 sui,
399 1777 468 1822 curn
478 1763 592 1843 templa
605 1765 740 1830 dicarent

10 1849 151 1914 abscisis
168 1849 209 1910 de
221 1847 400 1928 παρεθεὶς,
415 1863 486 1914 tunc
496 1853 574 1918 forte
587 1857 698 1938 licebat
711 1903 721 1937 ‚

10 1943 174 2006 Innocuos
190 1952 319 2003 mactare
330 1962 450 2028 greges,
465 1945 614 2027 fibrasque
627 1963 779 2034 tepentes,

14 2035 212 2111 Consulem,
226 2043 256 2096 et
268 2046 376 2099 'vocem
388 2040 514 2118 pecudis
524 2043 682 2107 morientis
693 2046 724 2107 iu
739 2047 811 2110 extis
823 2093 832 2126 ,

16 2129 171 2210 Quaerere
187 2152 194 2189 ε
207 2149 288 2192 nunc
300 2130 393 2195 libeat
405 2133 488 2210 ranis
500 2136 683 2200 cessantibus
695 2143 755 2204 uris

16 2222 157 2288 AEterno
172 2243 280 2304 parere
291 2221 383 2300 Deo,
397 2226 449 2304 qui
462 2227 580 2291 semina
593 2231 663 2294 ritae

18 2318 162 2382 Praebuit
174 2330 205 2378 et
216 2317 306 2379 variis
316 2320 512 2400 proventibus
523 2342 593 2388 arra
605 2324 732 2403 locavit,

21 2411 120 2497 Cujus
133 2412 176 2473 ab
186 2411 336 2494 imperio,
350 2413 449 2496 plenis
462 2419 616 2504 consurgit
627 2421 726 2484 aristis

21 2505 69 2570 De
81 2525 186 2593 grano
198 2506 347 2568 moriente
357 2527 457 2592 seges,
471 2510 646 2594 palmesque
657 2515 768 2579 recisus

24 2597 167 2662 Vulnere
179 2613 338 2682 conceptas
350 2600 506 2665 fecundius
518 2606 624 2671 educet
635 2630 723 2686 uvas,
832 2681 833 2686 γ

26 2692 103 2774 Quo
117 2694 298 2757 moderante
309 2693 416 2776 polum
428 2701 589 2763 succedunt
602 2703 716 2765 solibus
729 2705 863 2784 imbres,

23 2785 186 2870 Tempora
197 2788 403 2869 temporibus,
418 2812 484 2871 quae
497 2815 567 2856 cum
580 2795 702 2880 fugitiva
716 2813 876 2862 recurrunt

24 2879 103 2944 Post
110 2879 166 2943 sun
176 2893 275 2966 terge,
290 2882 354 2966 rugi
368 2888 534 2948 constantia
547 2905 706 2972 permanet
721 2895 802 2955 euni.

27 2975 145 3040 Discite
158 2976 221 3058 jam
235 2995 340 3041 verum
351 2982 479 3042 saerade
490 2983 604 3068 virgine
615 2999 720 3048 natum

23 3070 166 3134 interris
178 3070 331 3134 celebrare
345 3071 465 3148 Deum;
478 3097 535 3141 nec
545 3092 614 3142 vote
628 3080 729 3143 feratis

25 3163 178 3250 Lanigero
192 3165 337 3229 damnosa
348 3167 429 3251 gregi
440 3169 449 3246 3
464 3191 539 3248 quos
551 3172 660 3235 liberat
673 3195 764 3260 agnus
