2102 3846
80 353 85 366 '
170 343 226 405 152
408 341 818 405 an'c.1s1).av1'r1
939 341 1034 417 uili.

168 449 242 513 Sors
252 448 370 530 generis
383 445 465 508 claro
478 446 632 526 quondam
646 463 721 526 ques
733 445 875 529 sanguiue
888 447 985 510 misit?

165 544 208 604 At
220 541 245 603 si
259 543 337 602 sorte
350 539 435 601 brevi
446 538 635 620 requiescant
648 551 789 620 tempure
798 539 900 618 bella,

166 635 297 720 Legibus
308 647 437 695 armatas
453 633 552 695 furere
566 634 599 693 iu
611 633 778 695 sertamiua
788 631 879 708 lites,

169 729 228 790 Jus
241 749 352 810 anceps
365 744 497 810 pugnare
508 727 599 804 lere,
610 745 673 806 quo
689 727 783 809 jurgia
794 726 921 788 fratrum

166 820 242 883 Non
256 821 351 884 levius
361 821 439 883 vetis
451 818 580 896 feriunt,
595 838 686 900 quarn
698 819 804 901 praelia
813 819 906 881 telis?

167 911 228 976 Sed
242 916 308 994 quis
319 926 387 974 veta
400 925 504 987 notet,
521 913 733 976 clamentem
747 912 823 980 laeta
833 917 1010 977 namn?

168 1004 247 1086 Quis
258 1008 376 1069 fraudes
386 1019 417 1068 et
430 1005 509 1066 lurta
521 1018 621 1089 gemat
631 1007 778 1090 gaudente
792 1006 922 1087 rapina?

168 1100 283 1181 Quisve
293 1101 412 1161 minora
425 1099 514 1160 lieet?
526 1100 631 1182 stringi
642 1119 700 1161 nee
714 1099 842 1160 maxima
856 1114 987 1181 pessunt.

165 1194 241 1256 lnde
252 1181 373 1255 ¹minora
384 1207 485 1254 tamen
497 1237 506 1267 ‚
522 1193 546 1252 sl
560 1192 686 1258 summis
698 1193 799 1273 jurante
809 1204 955 1254 notentur
967 1216 973 1252 :

167 1287 196 1346 N
200 1308 249 1347 am
263 1310 318 1368 per
331 1286 492 1356 sepullum
506 1285 620 1346 facinus
633 1285 687 1345 sub
702 1285 801 1366 judice
815 1305 945 1365 pervum
956 1300 1002 1348 est.

165 1378 196 1440 N
200 1401 235 1442 ee
247 1380 339 1441 refert
347 1378 615 1459 cunctas'pereurri
628 1377 873 1439 earmineeausas
889 1401 897 1437 s

167 1471 238 1532 Hoc
251 1489 343 1552 parvo
357 1490 497 1531 sermone
505 1471 633 1550 loquar3
649 1484 718 1551 post
730 1472 838 1531 demna
851 1472 992 1553 priorum

164 1563 222 1624 Nil
234 1583 388 1645 superesse
401 1562 475 1624 mali
486 1607 494 1638 ‚
507 1565 591 1642 qued
603 1583 668 1624 nen
679 1563 726 1625 vel
738 1568 1002 1646 perpetret-orbis,

165 1654 226 1716 Vel
239 1656 365 1731 toleret,
380 1656 642 1736 plenusseelerum
658 1701 667 1732 ,
682 1657 853 1737 pariterque
863 1657 1012 1734 laborum,

165 1749 202 1810 lu
215 1769 282 1810 casu
295 1747 460 1811 discrimen
472 1749 606 1825 hebens,
621 1764 650 1810 et
664 1750 779 1812 crimen
794 1751 825 1810 in
837 1765 918 1814 aeta.

208 1839 268 1904 Sed
276 1857 325 1919 tu,
338 1837 458 1904 Christe
470 1854 577 1924 petens
586 1844 653 1918 ‚eui
661 1863 784 1926 semper
790 1857 917 1924 paresne
927 1869 1032 1928 pronp-

330 1947 450 1996 tutnest
463 1979 472 2011 ,
826 1933 836 1960 '

170 2031 218 2091 Tu
229 2030 332 2114 figulus
345 2049 475 2090 mersam
489 2027 571 2110 potis
582 2049 613 2090 es
624 2047 764 2112 separare
778 2030 943 2108 caducam,

164 2121 206 2183 Et
218 2125 369 2185 confracta
382 2123 434 2183 diu
448 2121 636 2202 resolutaque
648 2123 759 2205 fingere
771 2143 849 2183 vasa.

165 2213 230 2293 Qui
244 2216 359 2301 dudunt
370 2216 466 2275 multo
479 2214 645 2276 latitantem
659 2215 783 2296 pulvere
795 2215 972 2280 drachman·

163 2307 285 2370 Iuvenis
301 2306 432 2370 accensis
444 2307 530 2368 verbi
543 2307 653 2371 virtute
665 2307 805 2370 lucernis.

163 2398 366 2478 Linquentem
378 2398 492 2475 caulas,
504 2401 646 2482 turpique
659 2420 764 2462 errore
773 2415 950 2486 vagatum,

162 2489 271 2552 Pastor
283 2511 371 2552 neem
384 2490 625 2576 eeleridigrretus
637 2515 772 2575 quaerere
782 2515 900 2579 gressu,

164 2582 323 2661 subvehis,
336 2597 428 2664 utque
440 2605 494 2645 sun
506 2589 636 2668 gaudens
649 2589 791 2650 reddatur
804 2589 894 2667 ouili,

163 2675 289 2741 Sarsina
303 2679 410 2760 fitque
421 2697 493 2741 eura
504 2677 569 2739 fuit.
584 2677 636 2743 Sis
648 2680 725 2744 lilius
739 2681 791 2746 ille

161 2769 185 2830 J
187 2772 291 2848 unior,
307 2775 459 2834 exhaustos
468 2785 633 2855 postquam
648 2776 787 2858 dispersit
798 2795 942 2854 acervos,

162 2861 294 2944 Vitaque
309 2879 488 2948 consumpto
504 2881 616 2930 mutata
625 2883 673 2931 est
683 2871 808 2955 prodiga
821 2893 927 2949 censu,

162 2955 278 3040 Turpia
292 2979 457 3039 porcorum
470 2962 557 3048 digne
572 2965 709 3027 convivia
720 2977 850 3044 sectans,

164 3049 291 3133 Optavit
303 3051 420 3133 siliquis
431 3057 581 3138 compleri
593 3057 702 3120 vilibus
714 3059 836 3137 alvum,

163 3143 273 3222 Donec
283 3165 358 3208 saeva
370 3146 464 3210 fames
477 3149 566 3231 longo
582 3151 753 3214 ‹liserimine
768 3153 878 3215 rictum
