2106 3846
7 333 92 398 ²77·
238 289 684 380 carmennum(
825 315 885 378 255

7 419 108 482 lessat
121 439 217 500 opus,
233 433 326 500 oeqsat
337 421 503 497 meritum,
518 420 596 482 nihil
607 421 705 486 editur
716 422 828 504 impar.

7 512 61 575 led
71 513 159 576 Dens
171 526 202 574 et
213 513 286 575 tales
297 515 463 591 discernit,
479 506 538 595 quo
552 535 637 599 mage
651 513 768 581 Christi

7 607 135 670 Excellat
144 607 282 681 bonitas,
298 629 363 688 quae
374 608 439 668 sola
451 622 495 668 est
504 610 715 678 eausavoeatis

7 699 37 760 ir
51 701 124 761 fidei
136 713 166 762 et
182 701 282 760 meriti
296 725 304 759 :
319 702 464 779 quoniam
478 703 722 783 sapientiadives

7 793 69 855 loc
83 794 176 854 etiam
190 794 295 854 tribuit
305 794 428 869 multis,
443 807 475 854 ut
486 809 587 857 sancta
597 797 729 876 operatis

7 887 32 945 Lu
47 888 145 948 linem
157 887 224 948 vitae
234 930 244 962 ‚
256 887 342 949 fieret
357 888 394 947 de
408 909 533 948 munere
547 909 672 950 merces.

38 979 118 1040 Nou
129 993 231 1041 antem
245 992 325 1042 recte
339 1001 396 1043 nee
409 1001 479 1066 vere
493 981 618 1058 dieitur,
633 983 703 1045 illos

7 1071 66 1151 Qui
80 1087 148 1134 sunt
161 1087 293 1135 exsortes
307 1073 403 1136 divini
418 1075 569 1148 mouens,
584 1087 614 1134 et
626 1097 702 1157 quos

7 1164 110 1226 Gratia
121 1166 250 1250 neglexit
262 1169 402 1250 degentes
415 1168 522 1228 mortis
534 1168 566 1226 in
580 1169 711 1244 umbra,
774 1161 776 1165 ’

7 1255 122 1320 Peccati
133 1281 197 1320 non
208 1281 272 1322 esse
286 1281 372 1335 reos,
388 1262 457 1339 quia
468 1272 548 1320 reeta
558 1262 683 1340 gerendi

7 1351 74 1413 Nou
87 1355 153 1414 data
164 1354 203 1413 sit
215 1354 318 1414 virtus.
330 1351 456 1414 Naturae
467 1352 617 1432 compede
629 1353 743 1414 vinctos

7 1444 200 1508 procubuisse
212 1458 344 1528 negant,
357 1465 414 1506 nee
426 1445 464 1506 ab
478 1465 539 1506 uno
550 1445 687 1527 germine
701 1447 826 1508 credunt

7 1536 207 1622 Dmuigeuam
220 1537 348 1621 prolem
362 1561 431 1601 eum
445 1557 534 1620 poena
547 1551 576 1598 et
588 1539 716 1600 crimine
729 1543 820 1604 nasei.

7 1630 91 1711 Quod
105 1634 231 1712 quinon
245 1633 365 1709 renuit,
380 1634 462 1694 videt
471 1632 559 1714 hujus
569 1635 704 1715 pondera
719 1636 815 1718 eulpee

7 1723 73 1786 l'am
87 1727 188 1787 valida
200 1727 313 1807 pariter
326 1726 444 1786 miseris
457 1725 631 1788 incumbere
647 1727 741 1804 mole,

7 1819 76 1880 Ursi
90 1819 174 1880 nulla
182 1820 272 1880 etiam
285 1818 437 1881 cumulent
448 1819 543 1894 mala,
556 1820 594 1880 sit
606 1833 707 1880 tamen
721 1841 815 1880 unum
826 1819 885 1880 hoe

7 1910 157 1977 Sufficiens
170 1913 266 1976 scelus
277 1915 316 1975 ad
328 1927 461 1984 mortem
472 1915 623 1975 nascendo
637 1914 788 1975 luendam.

41 2006 129 2069 llaue
140 2007 233 2089 igitur
242 2006 341 2091 legem
354 2026 444 2086 quam
457 2027 514 2088 per
526 2028 558 2067 se
569 2027 661 2066 uerno
674 2005 816 2079 resolvit,

7 2097 38 2158 Si
49 2101 154 2162 merito
167 2113 196 2160 et
209 2103 284 2181 juste
298 2099 427 2180 positam
441 2099 675 2192 impositamque
686 2100 815 2158 latemur

7 2189 65 2253 Cur
74 2195 245 2274 querimur,
261 2195 342 2273 quod
355 2214 417 2254 uon
431 2210 537 2251 omues
550 2189 699 2251 salvantur
710 2191 747 2250 ah
760 2190 833 2252 itta?
877 2239 880 2246 .

7 2283 80 2347 Cum
92 2289 117 2348 si
130 2288 308 2369 progeniem
320 2305 411 2364 super
424 2271 549 2344 ominem
559 2283 674 2364 irrupta
686 2295 841 2358 maneret,

7 2377 50 2438 De
64 2380 174 2442 cunetis
184 2380 262 2460 juste
275 2377 423 2454 damnatis
436 2396 500 2437 uon
514 2397 719 2454 quereremur.

7 2471 52 2530 An
66 2473 143 2550 quod
159 2473 196 2532 de
209 2483 273 2531 toto
285 2471 432 2544 ferretur,
447 2488 509 2528 uon
523 2469 667 2530 toleratur

7 2561 49 2624 De
62 2567 168 2647 parte?
183 2564 224 2623 Et
237 2563 344 2626 melius
357 2563 436 2622 foret
450 2563 553 2622 omnia
566 2563 666 2649 debita
678 2565 765 2646 cogi,

7 2655 102 2734 Quam
113 2678 233 2720 summa
246 2679 281 2718 ex
292 2656 387 2717 solida
400 2654 564 2717 clementer
574 2657 667 2717 multa
680 2655 814 2716 remitti?

7 2747 76 2828 Quis
93 2772 165 2812 vero
178 2763 333 2831 exemptus
344 2748 501 2828 squallenti
514 2769 633 2811 earcere
645 2747 744 2825 pulset

7 2839 114 2904 luridia
127 2845 298 2906 miserantis
312 2862 424 2924 opem,
440 2843 509 2921 quia
520 2862 584 2901 non
595 2839 685 2900 simul
698 2859 804 2900 omnes

7 2933 31 2994 ln
44 2935 143 3000 lucem
158 2959 260 2998 veram
273 2935 405 2997 tenebris
419 2935 551 2996 eduxerit
564 2935 694 2996 iisdem?

7 3025 76 3090 [Iuro
94 3051 214 3112 poeuam
230 3050 310 3110 ,qua
322 3051 437 3092 mersus
449 3041 511 3091 erat
524 3027 537 3104 ,'
546 3049 609 3090 nou
623 3029 789 3110 experiatur

7 3117 101 3198 Quam
114 3126 224 3188 misere
239 3125 314 3186 ferat
328 3123 484 3200 addictus,
500 3123 557 3183 nisi
565 3123 642 3184 liber
651 3121 688 3200 ab
698 3121 757 3184 illa.
