2142 3858
7 348 133 423 ν.345.
267 347 472 410 Μ’ΒΕΟ
506 353 602 408 utu.
632 357 653 409 t.
836 343 893 417 421

11 454 52 516 Et
65 471 184 516 vocem
196 439 342 533 compago
356 451 457 526 dedit,
471 469 551 510 nova
562 448 700 510 machina
712 467 833 532 surgens

8 547 188 610 Auctorem
200 543 321 605 laudare
334 563 439 620 sunm,
453 545 570 627 gavisa,
585 543 666 621 quod
678 553 762 603 esset.
833 557 835 564 ’

47 639 148 701 Tunc
160 639 262 700 oculos
274 651 330 718 per
342 649 447 698 cuncta
459 636 549 718 jacit,
564 635 689 696 miratur
700 643 852 696 amoenum

9 733 61 796 Sic
72 733 192 794 florere
204 732 326 805 locum,
340 729 383 791 sic
395 729 633 811 puros'sontibus
647 745 750 792 amnes
805 741 807 748 ’
896 717 897 724 ¹

11 827 160 906 Quatuor
171 825 330 886 undisonas
340 822 494 906 stringenti
506 821 619 905 gorgite
632 821 713 908 ripas

6 919 56 980 ire
69 940 135 1000 per
147 915 402 990 arboreossaitus,
417 933 599 996 camposque
610 914 739 976 virentes

8 1011 169 1074 Miratur:
184 1011 235 1070 sed
248 1008 319 1089 quid
332 1008 493 1084 sichomo,
507 1025 583 1088 quos
595 1007 687 1070 sactus
699 1009 737 1068 ad
752 1026 841 1084 usus,

12 1106 99 1168 Scire
115 1103 200 1184 cupit
210 1101 351 1182 simplex,
367 1113 397 1162 et
406 1100 587 1176 nonhabet,
601 1103 679 1162 unde
693 1101 846 1181 requirat:

14 1200 86 1279 Quo
99 1198 213 1260 merito
227 1195 348 1256 sibimet
361 1195 428 1255 data
439 1195 477 1255 sit
486 1195 633 1276 possessio
644 1195 788 1270 muudus,

14 1293 50 1354 Et
63 1295 181 1352 domus
199 1290 277 1350 alma
290 1306 397 1349 nemus
407 1307 465 1370 per
476 1285 575 1364 flores
581 1305 673 1374 regna
685 1300 821 1368 paratum
832 1309 840 1359 ;

15 1388 58 1450 Ac
70 1384 185 1468 procul
199 1393 345 1463 exspectat
357 1380 468 1444 virides
479 1382 613 1461 jumenta
623 1396 679 1461 per
690 1399 792 1464 agros,

13 1477 53 1540 Et
66 1481 151 1540 dese
165 1477 287 1552 tacitus,
302 1495 368 1555 quac
378 1473 437 1535 siut
448 1473 512 1536 baec
525 1485 649 1549 cuncta,
663 1471 806 1553 requirit,

16 1569 54 1632 Et
66 1591 165 1652 qnare
178 1575 279 1630 secum
289 1587 353 1628 non
365 1567 424 1628 sint
434 1567 498 1629 haec
510 1566 736 1648 ipsa,volutat:
901 1563 904 1568 ’

15 1661 44 1726 N
47 1685 99 1726 am
112 1676 254 1725 consorte
268 1681 388 1737 carens,
401 1681 470 1722 cum
483 1681 544 1740 quo
556 1661 725 1736 conferret,
738 1663 851 1745 egebat.

54 1756 189 1816 Viderat
202 1751 409 1834 Omnipotens
420 1754 484 1816 hnc
493 1753 581 1815 iilum
591 1756 683 1816 corde
694 1747 885 1831 moventem,

15 1846 57 1908 Et
70 1847 231 1909 miseratus
242 1847 302 1908 aits
317 1846 434 1909 Demus
443 1847 590 1926 adjutoria
600 1848 697 1923 fecto,
886 1911 890 1927 ¹

15 1941 207 2021 Partieipem
219 1940 336 2022 generis
348 1963 355 1998 ι
369 1953 511 2020 tanquam
524 1941 549 2001 si
562 1941 674 2002 diceret
686 1953 812 2017 auctor,
883 1953 886 1960 ’

14 2031 90 2096 Nou
104 2031 207 2094 solum
219 2035 305 2095 decet
315 2051 377 2093 esse
389 2035 507 2108 virum,
523 2033 673 2094 consortia
682 2033 792 2093 blanda

17 2124 154 2189 'Noverit
162 2143 256 2201 ,uxor
265 2127 322 2186 erit
330 2169 339 2202 ,
347 2145 423 2198 ‚cnm
435 2127 473 2186 sit
484 2138 587 2197 tamen
600 2125 653 2186 ille
666 2125 810 2202 maritus,

18 2216 205 2301 Coniugium
218 2237 249 2278 se
260 2218 384 2297 quisque
392 2231 494 2292 vocet,
508 2217 635 2280 dulcedo
647 2227 779 2281 recurrat

18 2308 175 2374 Cordibns
185 2312 341 2385 innocuis,
354 2323 384 2371 et
395 2312 435 2371 sit
444 2311 502 2371 sibi
515 2312 622 2394 pignus
633 2325 756 2392 uterque
767 2356 777 2389 ,

16 2401 107 2466 Velle
121 2413 226 2486 pares‘,
240 2417 271 2465 et
279 2403 364 2464 nolle
378 2417 480 2485 pa'r'es,
495 2415 574 2466 stans
586 2405 813 2483 una-voluntas,

18 2491 78 2557 Par
92 2498 190 2559 enimi
204 2513 345 2573 concors,
359 2497 481 2577 paribus
492 2517 671 2561 concurrere
684 2501 779 2576 votis,

18 2589 122 2650 Ambo
136 2589 195 2649 sibi
207 2587 326 2668 requies
339 2590 437 2651 oordis
449 2590 525 2665 aiut,
540 2591 631 2653 ambo
644 2592 765 2668 fideles,

19 2679 57 2742 Et
69 2681 243 2762 quicunque
256 2684 341 2743 datm
350 2683 597 2758 casus,'sit·causa
609 2686 748 2746 duorum.

58 2775 131 2837 Nec
146 2795 250 2852 mora,
264 2776 324 2856 jam
338 2769 419 2836 r'enit
431 2771 489 2836 alta
495 2778 598 2856 quies,
614 2776 775 2855 oculosque
783 2778 903 2858 supinat

24 2865 179 2945 Somnus,
195 2883 223 2930 et
235 2869 267 2930 in
278 2863 397 2930 dulcem
407 2868 562 2930 solvuntur
575 2869 711 2930 membre
723 2875 874 2951 soporem.
913 2917 919 2924 .

19 2957 81 3020 Sed
93 2982 165 3023 cum
175 2964 240 3042 jure
252 2961 333 3023 Deus
341 2975 355 3038 ,¹
365 2961 448 3022 nullo
459 2960 656 3043 prohibente,
672 2955 782 3025 vaieret

19 3052 157 3116 Demere
170 3055 363 3136 particulam,
378 3048 415 3116 de'
429 3075 487 3136 qua
498 3057 565 3137 pius
576 3056 639 3136 ipse
653 3069 771 3137 pararat
781 3063 799 3134 ,'

20 3143 50 3204 N
53 3167 71 3207 e
85 3149 115 3210 vi
129 3147 227 3213 ablata
238 3150 320 3211 daret
333 3149 432 3231 juveni
447 3171 497 3212 sua
510 3163 590 3213 costa
603 3149 761 3224 dolorem,
