2198 3844
62 274 175 360 mady.
285 285 733 341 contremescunt.
821 339 822 346 χ
907 275 951 361 47

64 383 277 466 Principium,
290 401 326 443 ac
337 381 429 442 linem
440 425 449 457 ,
460 381 540 444 hunc
550 381 648 464 Alphe
658 382 806 461 viderier,
817 385 897 455 hunc
907 383 947 446 st.
982 397 985 402 '

68 480 169 560 Quem
183 478 320 538 medinm
330 476 403 536 tales
416 475 638 538 circumfulsere
655 474 834 559 Propheta,
942 483 948 490 ’

69 574 151 634 Alter
163 573 261 634 adhoc
271 565 390 643 virens,
402 568 477 630 alter
489 583 567 630 stans
580 570 686 630 limine
697 571 773 633 vitae.
877 569 891 588 '

73 666 254 744 Sidereoque
265 683 358 739 sono,
371 683 455 724 meus
468 676 512 725 est
521 664 572 725 hic
582 664 679 739 lilius,
692 665 794 742 aiens,

74 758 211 821 Ostendit
222 758 317 820 verbo
330 756 463 841 genitum
474 778 532 818 von
541 757 637 839 patrie
652 755 817 844 Christum.

110 853 273 932 Postquam
288 871 452 933 corporeos
461 852 552 912 virtus
563 869 692 935 regressa
705 869 760 933 per
771 863 851 914 artus

75 946 153 1008 Tenit
162 949 318 1008 adoratam
332 945 429 1007 earnis
441 945 590 1008 velamine
603 946 758 1022 formam,

73 1039 168 1122 Seque
181 1041 288 1123 palam
297 1039 451 1100 Dominus
461 1039 582 1122 populis
593 1041 690 1117 dedit,
705 1061 775 1103 ecce
788 1053 913 1122 repente

73 1133 130 1196 Vir
141 1135 284 1210 humilis,
299 1122 406 1195 mutato
419 1135 549 1216 dejectus
560 1133 676 1194 lomina
688 1134 787 1209 vultu,

72 1227 231 1302 Procedit,
246 1227 428 1306 supplexque
442 1249 564 1302 manus,
578 1240 607 1287 et
617 1227 741 1288 brachia
750 1226 868 1303 tendit,

72 1321 279 1404 lmploratque
290 1338 425 1402 gemens,
443 1317 530 1378 Unus
543 1317 619 1378 milti
631 1319 725 1396 filius,
740 1323 829 1380 unus'

71 1415 126 1478 Est
135 1461 149 1492 ,
158 1413 297 1476 Domine
311 1436 318 1474 ε
332 1413 482 1474 horrenda
493 1413 604 1477 lacerat
614 1434 704 1493 qoem
717 1413 839 1496 spiritus
852 1413 913 1491 ira,

72 1509 141 1573 Nec
153 1508 282 1588 linquit,
296 1506 354 1568 nisi
367 1519 482 1590 mergat
491 1504 592 1586 aquis,
605 1517 655 1568 aot
667 1507 783 1590 ignibus
795 1509 866 1568 atris

74 1602 263 1686 Opprimat,
277 1613 368 1681 atque
377 1596 511 1662 animem
525 1601 683 1666 dubiosum
695 1613 793 1670 morte
806 1602 916 1685 fatiget.

73 1697 184 1772 Hono,
200 1715 324 1778 precor,
340 1695 461 1776 expulso
475 1695 630 1756 miseratus
643 1696 922 1775 utrumque-furore·

73 1789 181 1852 Redde
195 1788 271 1850 mitti
280 1833 293 1874 t
304 1787 351 1850 trel
364 1790 453 1848 redde
467 1789 541 1865 sibi,
556 1809 594 1850 ne
608 1809 684 1851 coeca
695 1801 825 1871 potestas
865 1840 867 1845 .
992 1789 999 1794 “

71 1883 215 1966 Expellat
226 1882 376 1962 trepidam
389 1881 538 1944 subtracto
552 1878 666 1943 lumine
678 1884 779 1943 vitam
849 1915 855 1922 -

72 1977 219 2052 Dixerat,
234 1987 265 2035 et
276 1995 372 2056 genua
383 1975 583 2056 amplectens,
595 1977 780 2060 genibusque
791 1975 933 2036 volutans·
1002 2030 1005 2038 .

75 2071 241 2145 Haerebat,
254 2067 463 2150 Dominus-qne
475 2070 527 2151 pio
538 2072 600 2150 jam
614 2080 737 2149 pectore
749 2069 827 2129 votis

74 2164 253 2234 Annoerat3
266 2165 447 2244 tuncpraedo
462 2163 580 2238 furens,
595 2181 630 2224 ac
643 2160 851 2224 noxiuehostis
860 2149 882 2240 ,⁴

78 2256 140 2320 Coi
153 2277 289 2339 possessa
301 2257 351 2316 diu
364 2270 408 2318 est
419 2257 511 2318 alieni
523 2257 635 2320 fabrica
646 2257 720 2339 juris
726 2300 742 2333 ,.

77 2349 210 2412 Pervasa
220 2352 349 2435 migrare
362 2352 659 2434 domocompulsus,
673 2352 706 2411 itt
720 2351 802 2411 iram

78 2445 215 2508 Tollitur
225 2465 397 2522 accensam,
412 2459 744 2527 correptaque-carpere
758 2445 895 2506 membra

78 2539 217 2613 Nititur,
232 2552 263 2600 et
275 2539 398 2614 frustra,
413 2537 551 2599 Domino
568 2527 768 2620 prohibente,
783 2537 951 2614 laborans„

81 2633 173 2718 Fugit
186 2634 218 2694 iu
231 2634 389 2707 obscures,
403 2652 499 2714 puero
513 2633 647 2707 vivente,
661 2632 807 2692 tenebras.

124 2727 191 2790 Rex
204 2727 295 2788 etiam
305 2725 384 2786 solus
397 2747 519 2808 regum,
533 2739 561 2785 et
575 2724 714 2785 dominus
723 2725 932 2786 dominantum

81 2820 159 2881 Non
173 2821 363 2902 dedignatus,
379 2816 471 2880 Petro
484 2820 635 2900 piscante,
649 2819 796 2880 tributum

84 2914 212 2977 Solvere
227 2912 417 2989 Caesareum,
432 2913 525 2974 medii
537 2914 574 2973 de
586 2912 699 2996 gurgite
710 2911 796 2992 ponti

84 3009 226 3072 Humum
239 3007 318 3068 ferre
331 3006 431 3090 jubet,
444 3006 580 3090 gerulum
592 3005 803 3068 didrachmatis
814 3004 907 3066 aurei.
974 3009 980 3018 ⁴

84 3102 191 3168 lncola
203 3119 278 3164 mox
287 3100 384 3186 pelagi
398 3099 559 3186 pendentia
569 3099 622 3163 fita
631 3099 821 3175 momordit,
921 3115 926 3135 ⁴
