2142 3858
7 325 137 411 t·.765.
262 336 709 392 nrsronrnnrnrr.
845 329 905 416 379

7 433 60 494 Ad
73 427 211 495 meliora
221 444 327 512 eaput,
340 432 436 494 nescit
446 431 567 515 vigilare
580 433 712 514 periclo,

7 525 79 603 Qui
89 523 209 606 patitur
221 524 355 586 dormire
369 524 461 601 Deo,
477 525 550 605 quid
563 527 654 589 inane
666 526 804 590 fenestrae

7 615 143 695 Quaeris
155 616 255 677 adulte
264 617 371 692 chaos,
386 618 494 698 quidve
506 619 605 681 bacin
617 634 703 702 parte
717 622 865 701 quiescis?

8 707 88 788 Qua
103 699 238 771 ruiturus
250 712 330 772 erist
342 731 390 772 res
403 724 446 772 est
458 711 582 774 inimica
592 713 679 775 saluti

10 800 162 863 Pendula
174 801 252 864 celsa
264 804 367 884 sequi,
381 803 537 884 futuraque
548 807 666 872 somnia
678 826 778 888 prono

11 893 160 978 Carpere
174 894 251 958 velle
261 908 346 969 toro;
361 909 482 978 poteras
491 898 619 960 meliore
632 899 725 962 cubili

7 987 46 1048 ln
60 989 165 1052 verbo
177 990 320 1054 recubare
333 985 407 1066 Dei,
422 987 576 1071 Pauloque
590 1005 733 1068 monente

8 1079 89 1165 Ejus
103 1082 186 1146 velle
199 1084 313 1148 aditum
323 1085 395 1160 ,lcui
407 1083 522 1146 lumine
535 1086 639 1165 pervia
652 1099 734 1150 recto

11 1173 119 1238 Janua
130 1196 248 1238 nornen
260 1177 353 1253 inest,
366 1197 524 1258 perquam
537 1178 574 1240 de
586 1178 668 1238 sonte
682 1179 786 1240 levatae

14 1269 62 1328 Ad
74 1269 176 1332 vitam
187 1269 360 1353 gradiuntur
372 1291 461 1347 ores,
474 1272 551 1332 hanc
562 1271 684 1351 quaerite
697 1270 814 1347 cuncti,
920 1332 922 1338 ,

15 1341 49 1422 St
63 1364 191 1425 rabidas
202 1363 300 1426 fauces
311 1383 382 1443 cura
393 1377 453 1438 est,
468 1354 644 1443 morsusque
658 1375 799 1428 cruentos

16 1453 144 1518 Eritare
156 1456 241 1537 lupi,
254 1458 335 1539 cujus
346 1457 525 1520 lacerabitur
538 1476 591 1518 ore

17 1549 43 1608 A
54 1562 184 1631 pastore
197 1549 298 1634 fugax,
311 1550 363 1632 qui
375 1569 493 1631 sparsos
504 1549 626 1611 vocibus
640 1568 731 1633 agnos

22 1640 158 1720 Evocat,
170 1655 258 1722 atque
265 1664 386 1728 gregem
396 1645 522 1725 propria
534 1645 571 1704 de
584 1657 682 1705 morte
693 1645 884 1727 redemptum

19 1733 48 1796 N
51 1757 95 1798 on
109 1736 184 1796 sinit
197 1737 328 1812 insidiis,
344 1750 374 1798 et
385 1738 479 1798 amari
490 1736 612 1800 vulnere
626 1738 722 1798 dentis

19 1828 139 1892 Rursus
151 1829 189 1890 ab
197 1828 283 1902 hoste
294 1830 361 1912 capi
373 1855 382 1890 z
398 1843 505 1892 moesto
516 1850 643 1891 sonuere
653 1829 782 1890 tumultu

19 1921 129 1996 Atria3
145 1924 296 1986 concurrit
306 1924 419 2008 gemitu
432 1924 571 1984 miserata
584 1921 734 2000 frequenti

20 2013 130 2094 Turlta
142 2017 244 2078 videre
257 2016 377 2091 locum,
390 2017 442 2096 qui
454 2016 558 2077 funere
569 2014 661 2074 tristis
672 2012 781 2074 acerbo
792 2047 796 2054 ·

24 2105 179 2170 laetitiam
192 2109 319 2172 facturus
329 2109 403 2184 erit,
416 2109 464 2170 cni
476 2107 586 2168 Paulus
597 2106 750 2167 adhaerens

25 2199 157 2264 Pectore
168 2203 241 2265 vivit
250 2204 307 2279 ait,
321 2223 411 2283 quarn
423 2222 529 2266 vocem
540 2201 601 2262 vita
610 2211 709 2263 secuta
718 2209 781 2271 cst,

26 2293 176 2376 Morsque
187 2297 304 2377 repulsa
314 2297 405 2380 fugit:
419 2308 563 2374 qnantum
575 2306 623 2353 tua
635 2289 754 2352 Christe
767 2300 895 2370 potestas

26 2386 60 2449 ln
76 2388 208 2450 famulos
219 2402 340 2470 operata
354 2389 454 2463 dedit,
470 2400 503 2448 tu
515 2382 742 2448 redditusestris
836 2445 840 2452 ,

28 2479 232 2562 AEqualisquc
242 2484 320 2565 patri
332 2484 371 2546 dc
382 2485 534 2563 majestate
548 2479 674 2573 pereuni
721 2517 725 2530 ‹
788 2519 791 2526 ·

28 2575 106 2636 lura
116 2595 244 2656 superna
256 2577 351 2660 regis,
364 2577 416 2638 sed
427 2577 508 2655 qnod
521 2594 590 2636 earo
604 2591 732 2654 corpore
742 2571 845 2632 matris

29 2665 166 2750 Virginis
178 2682 242 2730 orta
254 2670 310 2732 tibi
321 2688 447 2752 regnum
459 2666 598 2749 spoliavit
608 2665 730 2738 averni,

29 2757 167 2840 Vivaque
179 2764 218 2824 rie
231 2765 357 2844 proprio
372 2761 514 2822 revocasti
528 2757 664 2821 membra
675 2755 831 2835 sepulcro,
863 2801 867 2808 .

30 2852 136 2934 Teque
149 2857 279 2936 probans
289 2855 416 2919 voluisse
427 2853 525 2925 mori,
539 2868 598 2930 qua
609 2860 693 2930 parte
705 2846 849 2929 resurgis,
864 2885 867 2898 ·

30 2945 77 3006 Ex
91 2962 337 3026 quaestuariae,
351 2948 401 3029 qui
415 2947 511 3008 serrea
522 2941 641 3004 vincula
652 2939 756 3016 solvis:

31 3037 96 3100 Lux
106 3038 172 3102 aliia
184 3041 296 3110 alterna
308 3041 386 3102 redit
398 3051 426 3102 te
439 3049 577 3110 auctore,
589 3033 736 3113 simulque

31 3131 182 3216 Exemplo
193 3136 301 3199 donata
311 3133 443 3214 tuo,qui
454 3129 571 3194 subdita
583 3127 694 3190 dudum
