2172 3862
12 340 199 416 etot..
293 297 718 404 osorouurr.
864 343 925 426 449

15 446 178 509 Pessima
189 457 257 506 rota
270 443 374 523 Deus,
389 468 489 510 rursus
500 467 540 508 ne
553 447 693 527 perderet
706 445 830 522 orbem,

16 545 92 600 Aut
109 539 237 620 impune
251 559 319 600 reos
332 541 444 621 passim
457 541 620 601 dimitteret
633 559 761 615 omues,

17 631 130 714 Eligit
146 651 165 690 e
179 631 310 707 cunctis,
323 653 398 712 quos
409 633 476 714 pius
489 653 614 714 peccare
627 632 768 707 videbat,

19 723 199 805 Supplicio
212 744 335 786 censura
348 725 410 788 Dei
422 747 512 807 super
524 739 601 786 astra
613 737 725 787 coacta.

19 817 66 878 Et
81 816 162 896 quia
174 815 317 877 diluvium
329 820 392 899 jam
405 839 467 879 nou
481 819 563 880 dabit
575 819 654 878 unda
666 817 829 879 secundum
844 860 854 892 ‚

22 907 227 989 Sulphureas
238 908 285 969 his
296 910 393 971 fundit
403 927 510 990 aquas,
525 911 703 993 nigrumque
715 910 853 970 bitumen

24 999 222 1082 Compluit‚
235 1014 264 1062 et
274 999 405 1063 flammis
416 1003 570 1065 ultricibus
582 1003 681 1063 imber
694 1003 803 1065 adussit
916 1079 917 1082 Ἴ

25 1095 189 1175 Quinque
202 1113 337 1155 cremans
348 1097 455 1170 urhes,
470 1095 619 1177 populos,
633 1109 662 1156 et
674 1096 784 1156 moenia
794 1096 925 1168 damnat,

24 1186 162 1272 Ignibus
175 1186 309 1247 aethereis
321 1188 435 1250 succiso
443 1187 560 1267 ¹cespite
573 1199 660 1248 cocto
673 1227 683 1261 ,

27 1279 164 1361 Pinguis
177 1291 207 1338 ot
219 1279 251 1337 iu
263 1279 379 1340 cineres
392 1280 535 1360 putrescit
546 1279 632 1361 gleba
644 1276 750 1338 soluta.

74 1370 150 1433 Nos
162 1391 262 1431 sumus
271 1385 406 1433 auctores
418 1372 527 1433 uostris
535 1372 608 1432 heu!
621 1369 756 1432 cladibus
767 1387 874 1430 omnes
886 1409 895 1444 ‚

31 1464 242 1544 Pauperiem‚
256 1465 402 1547 gemitus,
417 1476 547 1525 mortem
561 1475 751 1536 ‚tormenta,
766 1461 886 1522 dolores

29 1559 108 1621 Nos
120 1557 208 1618 nobis
222 1556 345 1619 iacimus
356 1557 509 1638 peccando
523 1568 631 1639 sponte
644 1554 784 1638 maligue.
883 1631 885 1635 ι

32 1651 181 1734 segregat
193 1648 400 1732 Omnipotens
411 1651 518 1712 merita
528 1670 586 1732 pro
594 1649 731 1710 moribus
742 1647 844 1724 orbis,

32 1746 116 1807 Non
130 1744 243 1805 sociant
254 1764 368 1824 poenae,
380 1765 455 1823 quos
467 1765 529 1804 uon
541 1746 665 1825 junxere
678 1754 785 1802 reatus.

34 1837 122 1898 Loth
132 1838 241 1917 justus,
254 1835 439 1915 famulusque
452 1835 531 1911 Dei,
546 1835 610 1895 siue
623 1834 726 1894 iraude
739 1875 748 1908 ‚
762 1830 876 1905 fidelis,

34 1931 124 1990 luter
137 1941 181 1988 tot
193 1928 340 1989 scelerum
355 1929 454 1990 turbas
467 1929 534 2009 pius
549 1945 642 2000 uuus,
658 1937 688 1985 et
701 1926 805 1998 insons

34 2021 179 2103 Eripitur
192 2022 229 2082 de
242 2033 342 2081 morte
353 2020 429 2081 truci
441 2020 505 2080 sine
517 2018 645 2080 crimine
658 2016 735 2078 risus
747 2039 764 2090 ,·

35 2113 81 2175 Et
95 2125 227 2174 servatus
240 2113 302 2173 abit
314 2112 380 2172 ritae
393 2110 529 2168 melioris
541 2123 680 2180 amator,

42 2207 189 2285 Qualiter
200 2217 321 2284 ereptus
332 2201 404 2262 Noe
417 2212 550 2263 servatur
562 2199 593 2258 in
606 2216 694 2272 arca,

39 2299 113 2360 Nec
125 2295 264 2380 generale
278 2293 392 2355 maium
402 2293 492 2354 sensit
505 2290 665 2372 specialior
674 2291 794 2371 hospes.
853 2315 859 2328 ·

83 2389 147 2452 'l'ot
159 2410 230 2474 gens
241 2401 342 2449 nostra
355 2386 442 2447 maiis
453 2386 591 2446 nondum
603 2396 742 2465 correpta
755 2381 803 2445 rel
814 2383 903 2446 audet

42 2483 235 2548 Criminibus
247 2482 343 2543 laxare
358 2480 438 2540 fores
449 2479 513 2538 sine
526 2477 625 2538 fronte
640 2477 780 2559 pudoris,

43 2576 204 2659 Supplicia
215 2589 243 2638 et
254 2574 402 2637 scelerum
414 2590 476 2631 nou
488 2572 608 2631 damnat
620 2586 732 2650 prava,
747 2569 799 2630 sed
810 2580 904 2652 auget.
930 2555 933 2566 ’

45 2671 132 2731 Hinc
146 2669 283 2752 obscoena
294 2667 388 2726 sames
399 2706 408 2738 ‚
421 2663 522 2724 morbi
532 2705 542 2738 ‚
552 2683 661 2738 mors,
676 2663 791 2736 luctus,
805 2673 929 2744 egestas,
963 2678 968 2688 ¹

43 2762 167 2836 'sardin
182 2761 280 2837 bella,
294 2759 378 2832 lues,
395 2756 509 2832 clades,
521 2757 650 2836 jactura,
664 2754 791 2816 labores.
960 2743 971 2752 ”

44 2854 78 2914 N
81 2875 132 2915 arn
142 2855 185 2917 sic
198 2855 290 2918 sactus
300 2853 394 2913 homo
408 2850 520 2925 fuerat,
533 2845 701 2928 primordia
711 2855 830 2919 nostra,
843 2856 847 2864 '

46 2945 94 3008 Ut
108 2947 259 3019 volucrem
273 2945 437 3028 pascendus
450 2954 512 3004 erat
524 2941 588 3002 sinc
602 2938 685 3002 clade
696 2937 829 3015 laboris,

45 3039 185 3104 Vomere
198 3061 260 3101 non
271 3053 382 3102 terram
394 3036 619 3122 proscinderet,
630 3045 718 3111 atque
729 3029 849 3112 ligone,

45 3133 124 3198 Non
139 3136 298 3220 peregrina
311 3154 398 3219 vagus
410 3131 522 3215 rapidis
535 3130 709 3208 deposceret
723 3124 828 3201 undis,
