2106 3846
11 260 129 322 2315.
265 273 472 328 flunmen.
505 273 593 324 uto.
627 271 672 324 11.
843 258 899 321 251

11 365 168 427 insultate
179 365 270 426 bonis
282 377 393 426 naturae
408 410 417 442 ‚
432 379 461 427 et
471 367 579 429 mentis
590 367 739 428 honorem

11 461 174 522 Omnibus
188 481 206 520 a
218 459 304 520 seclis
314 460 439 521 illaesum
454 475 531 522 stare
546 463 660 525 docete.
715 514 717 519 s
757 468 760 471 ’

11 555 82 616 Neu
89 575 150 616 vos
162 554 198 612 in
207 566 304 614 totum
317 555 453 637 retegatis
467 557 604 639 dogmate
613 557 714 630 nudo,

11 647 183 729 Corporeo
198 660 313 707 tantum
328 649 486 710 decurrere
494 644 623 709 'tramite'
632 647 753 728 poenam

11 741 139 805 Peccati
152 741 312 823 perhibete
325 785 334 818 ,
349 742 458 802 animis
466 743 542 802 nihil
552 742 791 804 imminuentem.

11 837 154 898 Vulnere
169 835 325 896 transfixos
333 835 478 898 absolvite
492 837 638 913 erimine,
654 849 683 897 et
696 835 793 916 ipsam

11 931 31 990 J
34 930 175 990 ustitiam
190 943 323 1000 accusate
336 929 399 992 Dei
408 975 417 1006 ‚
427 931 556 992 transire
570 931 694 992 sinentis

13 1021 239 1104 Supplicium,
253 1044 312 1102 quo
325 1044 386 1084 oon
401 1023 487 1086 vultis
499 1025 625 1088 transire
638 1026 765 1089 reatum'.

59 1116 123 1179 Sed
135 1139 204 1178 non
217 1119 341 1200 injustus
354 1117 439 1179 Deus
451 1131 507 1194 est,
523 1104 739 1198 manifestaque
753 1117 840 1178 Pauli

16 1212 92 1272 Vox
104 1214 213 1286 docet,
228 1233 289 1272 uno
303 1231 408 1273 omnes
420 1213 559 1273 homines
572 1213 714 1274 cecidisse
727 1223 843 1272 ruente.

13 1307 52 1367 ln
68 1324 130 1388 quo
143 1318 212 1368 toto
221 1303 311 1366 simul
323 1307 414 1366 series
425 1317 574 1388 prostrato
585 1319 733 1387 nepotum

14 1399 185 1481 Deperiit,
201 1399 357 1461 nechabet
369 1401 526 1480 quisquam
540 1421 600 1478 quo
614 1417 736 1482 surgere
748 1396 840 1480 possit

13 1497 65 1554 Ad
79 1496 198 1566 vitam,
211 1508 294 1555 sacro
308 1493 365 1552 nisi
379 1514 496 1554 rursum
508 1493 638 1555 nascitur
652 1507 730 1554 ortu.

17 1588 189 1667 Quotquot
203 1586 285 1647 euim
298 1588 418 1647 summo
431 1587 523 1669 justos
535 1586 698 1652 numerat—is
711 1585 749 1648 ab
761 1607 845 1663 uero,

16 1681 87 1744 Hae
102 1703 166 1762 ope
182 1680 698 1762 nmontuueseutvuos‚=qum
711 1682 807 1743 mutto
817 1693 882 1742 toto

18 1773 125 1836 Latius
136 1774 335 1856 omnipotens
345 1789 461 1838 exercet
473 1768 580 1836 Gratti
590 1777 716 1836 *montio
799 1853 802 1858 1

61 1869 160 1942 Haec,
178 1867 254 1930 siun
265 1868 454 1946 dictumest,
471 1889 531 1930 non
542 1871 685 1952 judex-est
697 1868 900 1949 meritorum,

22 1961 104 2042 Quae
113 1960 177 2024 nisi
193 1961 282 2042 plena
293 1963 379 2025 matio
389 1982 454 2024 non
467 1965 582 2026 invenit
596 1988 602 2024 :
618 1975 647 2024 et
660 1962 718 2024 nisi
731 1964 825 2022 donet
939 1973 943 1980 “

26 2057 108 2135 Quae
118 2057 205 2118 bona
216 2071 303 2135 sunt,
318 2059 393 2120 nihtt
402 2054 513 2122 efficiet
525 2060 605 2120 ‘hene‘
615 2077 695 2118 emen
708 2056 855 2115 voluntas.

26 2150 105 2213 Haee
119 2166 152 2213 nt
166 2153 339 2235 cujusquam
351 2155 450 2215 studio
464 2154 633 2228 affectuque
643 2161 782 2229 petatur,

24 2247 98 2328 Ipsa
109 2251 187 2332 agit,
203 2249 356 2309 et'ounctis
369 2251 426 2306 (lux
436 2257 481 2307 est
490 2243 679 2307 venientibus
693 2246 732 2305 ati
742 2265 791 2321 se,

25 2341 151 2421 Perque
164 2343 261 2422 ipsam
273 2342 330 2404 nisi
344 2351 494 2416 curretur,
508 2361 570 2401 non
579 2341 641 2400 'itur
652 2341 690 2402 ad
701 2339 811 2422 ipsam.

27 2435 116 2518 Ergo
126 2437 163 2496 od
176 2436 233 2496 iter
244 2457 300 2518 per
312 2437 370 2498 iter
383 2436 509 2498 ferimur
522 2459 529 2496 ι
545 2435 618 2497 Sine
632 2435 746 2497 lumine
758 2435 862 2510 lumen
875 2453 878 2460 ·

28 2527 137 2592 Nemo
150 2531 231 2594 viter
244 2555 251 2590 ε
266 2532 356 2594 vitam
370 2530 434 2594 sine
449 2533 507 2594 vita
519 2531 671 2613 inquirere
685 2551 768 2592 mors
782 2543 833 2593 est.
