2126 3848
380 335 815 448 *lnltonts
925 337 928 344 ’
1030 277 1031 284 i

207 813 614 936 neosronrcn
661 811 990 899 ntsrontn

413 1253 789 1310 mnan-Patruus.

45 1681 50 1690 -
164 1621 224 1706 Ut
233 1646 353 1708 sceleris
366 1645 474 1706 Judaea
486 1647 532 1707 sui
545 1646 660 1727 polluta
673 1666 780 1707 cruore

163 1739 245 1802 Ausa
256 1740 339 1800 nelas
350 1739 514 1820 complevit
527 1760 621 1820 opus,
635 1759 795 1818 rerumque
805 1753 945 1814 creator,
973 1809 980 1820 ι

166 1833 239 1897 Hoc
250 1835 331 1915 quod
344 1834 382 1894 ab
394 1833 532 1894 humanis
544 1833 672 1913 sumpsit
682 1833 746 1918 sine
758 1834 877 1896 semine
889 1830 1023 1900 membris,

166 1921 310 1990 Humana
320 1947 377 2008 pro
388 1928 480 2007 stirpe
490 1926 736 2008 dedit‚dignatus
748 1936 779 1984 ut
791 1927 856 1987 ima
1034 1917 1035 1934 ¹

165 2019 315 2106 Tangeret
327 2020 456 2094 inferni,
469 2039 531 2079 non
544 2018 684 2100 linquens
696 2021 787 2079 ardna
801 2019 891 2096 coeli,

167 2113 266 2177 Solvit
278 2115 316 2175 ab
326 2128 438 2175 aeterna
450 2114 602 2174 damnatas
611 2125 699 2174 nocte
709 2112 848 2174 tenebras

167 2207 216 2268 Ad
230 2215 334 2268 manes
347 2207 477 2290 ingressa
491 2205 707 2288 dies;·lugitiva
719 2205 895 2284 relinquunt

166 2302 257 2360 Astra
266 2299 371 2379 polum
387 2301 527 2362 comitata
539 2298 643 2359 Deum
659 2296 759 2360 Cruce
770 2301 875 2361 territa
890 2296 1002 2363 Christi:

168 2393 244 2454 Vult
256 2393 369 2471 pariter
380 2405 484 2452 natura
494 2393 556 2472 pati
567 2436 576 2468 ,
589 2392 753 2472 mortisque
766 2406 897 2475 potestas

169 2485 211 2547 Se
221 2486 359 2546 vincente
372 2484 468 2564 perit,
482 2506 548 2563 quae
561 2487 696 2567 pondere
710 2507 808 2548 mersa
820 2487 964 2569 triumphi

169 2579 244 2640 Plus
254 2577 393 2658 rapiens,
407 2576 450 2636 nil
462 2579 536 2658 juris
546 2579 654 2654 habet,
669 2579 828 2659 divinaque
841 2581 932 2642 virtus

170 2670 286 2734 Rursus
298 2672 435 2733 membra
449 2670 559 2754 ligans,
574 2674 705 2734 animata
714 2675 857 2736 cadavera
866 2674 966 2737 morit.

169 2765 220 2827 'Ad
231 2767 323 2829 vitam
335 2778 531 2829 monumenta
544 2777 665 2845 patent,
681 2767 857 2847 cineresque
869 2770 980 2850 piorum

170 2859 313 2936 Natalem
325 2876 394 2941 post
406 2862 491 2922 busta
503 2873 633 2936 novant,
647 2861 696 2920 lux
708 2861 795 2922 tertia
807 2863 898 2945 surgit

171 2950 314 3036 Maiestas
326 2974 395 3015 curn
408 2974 497 3016 carne
510 2954 604 3029 redit,
620 2955 811 3035 speciemque
825 2973 972 3019 coruscam

172 3044 363 3108 Umbrarum
377 3047 413 3107 de
424 3049 494 3108 sede
511 3047 614 3130 relect,
629 3059 661 3107 ut
674 3048 712 3108 ab
721 3049 818 3109 exsule
831 3048 905 3110 limo

38 3165 44 3171 ·
172 3143 354 3207 interclausa
368 3145 430 3219 diu,
444 3142 550 3222 patriae
561 3152 713 3222 repetatur
727 3144 821 3226 origo.
