2198 3844
151 271 192 345 ιζ
413 283 549 336 CAELII
587 283 771 337 SEDULII
931 297 1025 360 v.17.

148 375 277 456 Semper
290 373 493 454 principium,
520 390 669 457 sceptrum
680 380 764 458 juge,
776 375 870 460 gloria
882 397 1025 457 consors,

147 469 289 550 Maiestas
301 467 406 528 similis
419 492 425 528 :
439 469 503 531 haec
518 483 561 530 est
571 470 617 529 via
631 490 759 548 namque
772 471 887 550 salutis,

148 563 226 625 Haec
239 563 341 621 firnros
354 563 389 620 ad
403 563 482 622 dona
494 564 599 645 gradus
611 562 759 644 paschalia
773 565 861 625 ducit.

147 657 223 720 Haec
237 657 310 716 mihi
322 649 526 724 carmenerit:
541 657 725 722 mentesdtuo
736 659 841 718 vertite
855 659 961 720 cuncti.

145 755 237 812 Hanc-
247 763 415 812 constanter
428 771 519 834 opem
533 750 607 810 laesis
620 750 757 810 adhibete
773 750 926 828 medullis,

148 841 236 922 Quos
249 842 356 903 lethale
370 843 502 918 malum,
517 863 591 922 quos
604 845 687 905 vanis
698 844 798 904 dedita
811 843 897 908 curis

146 935 246 998 Attica
260 932 495 1018 Cecropiisepit
506 936 641 997 doctrina
655 937 787 1010 veneni‚,

148 1027 359 1107 Sectantesque
370 1030 462 1110 magis
475 1030 566 1090 vitam
577 1030 716 1110 spirantis
729 1032 863 1096 odorem.

94 1111 101 1119 ”
146 1120 250 1204 Legis,
266 1121 401 1182 Athenaei
416 1123 568 1201 paedorem
580 1120 707 1201 linquite
719 1123 796 1204 pagi.

147 1215 233 1294 Quid
245 1215 433 1298 labyrintheo
443 1214 581 1275 Thesidae
594 1215 697 1276 erratis
709 1215 741 1274 in
755 1228 841 1275 antro
850 1258 869 1292 ‚,

148 1307 294 1386 Caecaque
307 1307 583 1370 Daedaieiiustratis
595 1309 700 1369 limina
711 1309 780 1370 tecti
789 1311 812 1370 ?'

145 1397 328 1468 Labruscam
343 1401 467 1481 placidis
480 1403 550 1479 quid
564 1403 659 1462 adhuc
674 1401 849 1482 praeponitis
862 1400 954 1478 uvis„

144 1494 356 1578 Neglectisque
368 1494 459 1567 νοεῖς,
474 1494 765 1555 saliuncamsumitis
777 1495 862 1576 agri?

148 1589 233 1670 Quid
244 1589 457 1670 lapidesatque
469 1607 527 1658 ¹aera
542 1587 600 1650 coli
612 1632 621 1661 ‚
636 1587 706 1666 quid
714 1587 787 1648 ¹sana
797 1587 930 1669 profanis

148 1681 289 1748 Proderit
298 1694 349 1756 „et
362 1681 449 1750 mutis
462 1680 576 1752 'animas
587 1682 728 1741 damnare
743 1681 888 1752 metallis?

148 1773 267 1837 Parcite
281 1774 704 1858 pulverei.squalentiajugera
717 1776 832 1854 campi,

146 1867 189 1930 Et
200 1869 458 1938 sterilesfhabitare
472 1868 588 1949 plagas,
604 1868 655 1928 ubi
666 1869 785 1950 gignere
799 1868 941 1937 fructum,
962 1921 969 1928 .

147 1962 247 2023 Arida
255 1963 348 2024 nescit
361 1963 488 2041 humus:
500 1981 556 2028 nec
569 1962 605 2020 de
616 1960 865 2030 tellurecruenta,

147 2053 254 2120 Livida
267 2054 554 2124 mortiferisveltatis
567 2052 662 2114 toxica
672 2050 782 2126 succis,

147 2147 293 2207 Tartareo
308 2150 445 2212 damnata
457 2148 525 2218 cibo
539 2171 546 2204 ε
562 2148 613 2206 sed
627 2166 743 2210 amoena
755 2147 848 2206 vireta

144 2240 642 2319 Florentumsempernemorurn,
654 2241 807 2320 sedesque*
817 2240 936 2310 beatus⁴=

145 2329 207 2393 Per
218 2331 318 2400 latices
331 2334 436 2400 intrate
450 2333 516 2412 pios
525 2375 542 2406 ,
552 2331 603 2398 ubi
615 2333 728 2395 semina
743 2334 813 2397 vitoe

144 2423 266 2486 Divinis
280 2427 449 2494 animantur
461 2425 563 2503 aquis,
579 2437 607 2484 et
619 2424 702 2492 fonte
713 2447 857 2507 supernov

146 2517 400 2606 Latitirataseqes
413 2518 507 2597 spinis
520 2519 678 2586 mundatur
694 2521 840 2600 ademptis
850 2562 871 2594 ,,

146 2609 192 2671 Ut
207 2613 308 2672 messis
321 2625 409 2690 queat
421 2631 483 2678 esse
497 2609 578 2684 Dei,
596 2612 760 2691 mercisque
775 2613 879 2678 suturae

146 2703 279 2770 Maxima
291 2717 450 2774 centenum
462 2702 613 2770 cumulare
628 2725 681 2784 per
692 2705 962 2774 horreafruetum..

189 2797 395 2880 Omnipotens
407 2811 519 2868 aeterne,
529 2795 633 2872 Deus,
648 2819 715 2878 spes
727 2799 814 2862 unica
828 2800 948 2876 mundi,

147 2892 215 2970 Qui
225 2892 464 2972 eoeiitfabricatqr
477 2891 629 2970 adesaqui
644 2891 781 2958 conditor
792 2892 891 2966 orbis,
919 2940 923 2948 .

147 2985 211 3066 Qui
224 2985 313 3052 maris
327 2985 486 3052 undisonas
500 2980 589 3050 fluctu
601 2996 736 3064 surgente
749 2983 909 3064 procellas

146 3076 288 3164 Mergane,
299 3077 401 3150 vicinae
415 3075 558 3167 prohibes
566 3076 704 3144 ,confinia¹
713 3088 799 3146 terrae
809 3118 830 3158 ,¹
