2198 3844
175 313 215 400 7⁸
362 324 390 378 c.
404 323 705 380 sunuurvnrnurs
718 325 865 382 arnovi
978 317 1075 378 ..l

215 418 362 481 Dissolrit
377 418 512 480 Christus
522 419 649 481 crimina
660 432 765 482 cuncta
777 419 847 484 suis}

80 506 82 516 ’
174 510 286 576 libera
296 515 388 574 corda
397 514 455 574 sihi
466 514 579 576 lacinus
590 514 758 576 devinxerat
771 516 865 593 olim,

216 605 309 668 Nunc
320 607 415 668 reficit
428 605 564 669 Christus
575 607 672 668 libera
688 610 778 670 corda
792 610 861 671 sibi.

174 697 281 760 Fortia
291 700 389 764 vincla
409 701 492 762 dedit
503 701 618 782 peccati
632 721 707 763 sceva
714 715 864 794 potestas,

214 790 322 854 Dnlcis
332 799 419 854 arhor
432 792 546 854 Christi
558 794 647 854 sortia
658 794 759 886 vincla
768 797 860 858 dedit.

174 885 248 948 Jam
261 906 352 970 super
361 899 438 948 astra
450 889 549 963 sedet,
565 889 662 950 cuncti
674 888 813 950 exsultate
825 889 949 953 fideles:

130 1039 134 1058 ,
218 979 358 1058 Perfide,
374 982 447 1061 quid
461 983 633 1063 saevisijam
645 1003 735 1064 super
748 996 825 1045 astra
837 985 930 1045 sedet
1075 1011 1076 1040 r

174 1071 317 1136 Mortuus
330 1075 382 1136 ille
393 1087 495 1150 tonat,
509 1076 636 1151 coelum,
651 1089 820 1157 terramque
830 1078 965 1162 subegit:
1075 1041 1076 1108 l

218 1166 304 1248 Quid
314 1169 424 1231 facient
436 1169 709 1231 hostesimortuns
722 1171 773 1232 ille
784 1185 877 1234 tonat
1075 1161 1076 1166 ¹

174 1259 304 1325 Pellitur
312 1264 420 1325 umbra
433 1265 502 1340 die,
516 1262 639 1326 Christo
652 1265 793 1326 veniente
803 1266 916 1348 figure,

216 1353 353 1417 Christus
365 1357 426 1416 adit
436 1369 556 1439 gentes,
571 1357 694 1438 pellitur
707 1358 814 1418 umbra
826 1359 897 1430 die,

171 1445 218 1509 Te
230 1468 395 1530 properare
406 1450 553 1512 docentet
566 1451 667 1533 signa,
682 1464 712 1511 ct
725 1451 822 1512 secula
835 1453 956 1532 prima,

214 1539 283 1602 Nos
290 1561 372 1604 sacra
382 1563 448 1622 quse
459 1544 605 1625 gerimus,
614 1557 644 1604 te
655 1563 821 1625 properare
835 1547 959 1608 docent.

173 1627 292 1694 Unicus
305 1635 600 1700 adreniensfirmavit
612 1649 681 1698 vota
696 1639 852 1717 priorum,

216 1723 299 1788 Vota
311 1727 392 1787 dedit
405 1728 493 1788 nobis
502 1729 606 1790 unicus
621 1729 791 1790 adveniens.

176 1815 299 1896 Passio,
315 1817 451 1895 Christe,
467 1822 509 1880 tui
523 1822 687 1902 complevit
702 1842 828 1884 monera
841 1822 935 1906 legis,

218 1909 349 1975 Munera
361 1927 462 1974 nostra
475 1913 572 1994 replet
585 1915 701 1994 passio,
720 1914 860 1990 Christe,
874 1918 928 1977 tui.

177 2002 242 2068 ltie
254 2007 367 2082 homo,
382 2008 433 2088 qui
447 2007 532 2067 Deus
544 2019 605 2082 est,
619 2021 687 2087 spes
701 2019 744 2068 est
754 2009 876 2087 antiqua
889 2010 1032 2089 piorum,

220 2097 298 2182 Spes
309 2100 340 2160 in
353 2101 412 2161 line
424 2101 483 2182 piis
494 2101 543 2162 bic
555 2101 649 2160 homo
661 2144 670 2175 ,
683 2101 733 2179 qui
749 2099 835 2162 Deus
847 2114 900 2163 est.

178 2189 293 2254 Munus
307 2194 364 2254 erit
378 2194 449 2254 fidei
463 2207 527 2254 toto
541 2191 730 2254 credentibus
741 2191 825 2268 oe'vo,

205 2301 209 2308 ·
221 2282 287 2364 Qui
301 2287 398 2359 dedit,
413 2299 446 2346 ut
456 2287 596 2361 credant,
610 2307 719 2347 munus
733 2287 788 2347 crit
801 2288 882 2348 fidei.

178 2375 226 2438 'l'e
238 2377 395 2452 veniente,
410 2377 515 2454 Deus,
530 2379 843 2442 mundanusconcidit
855 2399 962 2459 error,

222 2466 346 2531 Occidit
355 2470 404 2532 hic
414 2474 563 2547 mundus,
575 2485 604 2532 te
616 2472 773 2547 veniente,
790 2471 884 2534 Deus.
912 2486 918 2492 ·
1076 2465 1077 2468 “

117 2579 120 2584 ·
181 2559 288 2623 Gratia
301 2561 391 2642 plena
403 2561 466 2624 Dei
480 2577 542 2639 est,
557 2585 623 2644 quae
632 2566 703 2628 totis
713 2565 850 2648 gentibu's
862 2577 971 2644 exstat,

224 2653 396 2717 Abscedent
409 2668 514 2735 sectae,
527 2658 621 2741 gratia
631 2658 720 2738 plena
733 2656 795 2718 Dei
806 2669 860 2720 est.

182 2743 256 2810 Sola
269 2748 410 2810 columba
423 2751 520 2827 redit,
534 2771 600 2831 quse
612 2763 710 2814 totum
722 2751 828 2814 circuit
840 2751 979 2830 orbern„¹

221 2839 388 2904 Discedunt
399 2844 497 2919 corvi,
510 2844 575 2905 sola
588 2845 730 2908 columba
742 2846 828 2907 redit.

180 2929 331 2994 Adveniet
340 2934 494 2998 Dominus
506 2938 578 3000 dare
591 2940 679 3022 digna
690 2939 768 3020 piis,
783 2938 865 3000 mala
876 2936 1000 3020 pravis,

223 3023 347 3086 Credite
358 3029 436 3109 jam,
447 3029 569 3108 miseri,
585 3034 723 3095 adveniet
734 3032 899 3093 Dominus.

182 3115 291 3200 Visio,
307 3117 426 3187 Christe
436 3163 445 3202 ,
457 3123 500 3186 tui
506 3135 707 3207 tormentum,
716 3123 1000 3212 etpoenamalorum
1008 3137 1057 3200 est,
